4118 6240
441 633 483 695 92
833 635 835 638 ’
1017 628 1050 683 Ε.
1070 627 1210 684 HILLER

440 820 535 887 Delio
563 820 621 886 illo
648 820 734 904 quod
761 818 949 885 Marathone
979 818 1079 886 fnisse
1108 818 1227 885 scimus
1261 818 1415 903 (Philooh.
1448 817 1536 904 apud
1558 817 1659 884 schol.
1685 816 1785 903 Sopb.

439 941 520 1008 Oed.
539 942 608 1009 Col.
632 943 723 1006 1047.
764 941 888 1007 Preller
908 939 1090 1006 Polemonis
1112 939 1228 1024 fragm.
1253 961 1286 1025 p.
1309 941 1393 1024 120);
1422 960 1506 1023 qnae
1528 939 1557 1005 si
1571 938 1787 1025 Theophrasti

439 1062 555 1128 inisset
576 1061 751 1146 sententia,
784 1061 839 1127 vix
868 1061 1030 1128 omisisset
1050 1081 1166 1128 nomen
1188 1061 1400 1128 Marathonis.
1446 1062 1515 1147 Ego
1538 1061 1579 1127 de
1601 1060 1663 1127 hac
1684 1081 1719 1127 re
1741 1059 1787 1127 ita

438 1183 552 1251 sentio.
612 1182 818 1267 Significatnr
850 1205 871 1249 a
903 1182 1126 1268 Theophrasto
1162 1181 1406 1249 celeberrimum
1438 1181 1598 1268 Apollinis
1629 1182 1785 1266 templum

439 1304 525 1388 quod
554 1304 615 1371 lnit
643 1304 735 1384 Deli3
768 1305 956 1371 saltatorum
985 1309 1093 1371 autem
1122 1303 1340 1390 appellatione
1369 1302 1536 1370 dicebatur
1563 1322 1646 1369 nnus
1675 1323 1716 1369 ex
1744 1302 1785 1368 iis

439 1425 544 1492 choris
573 1444 655 1509 quos
676 1425 891 1492 Athenienses
920 1425 1037 1492 Delum
1066 1425 1192 1492 mittere
1221 1425 1332 1492 solitos
1362 1444 1435 1492 esse
1464 1445 1558 1491 nemo
1585 1423 1715 1509 ignorat
1739 1424 1780 1508 [v.

438 1547 541 1612 Thuc.
559 1546 609 1611 III
627 1550 698 1612 rol.
738 1547 890 1632 Xenoph.
915 1546 1047 1612 Memor.
1066 1547 1161 1630 1113,
1183 1549 1234 1611 12.
1269 1547 1354 1613 Plut.
1379 1545 1450 1612 Nic.
1471 1549 1500 1611 3.
1538 1547 1661 1631 Corpus
1683 1545 1782 1610 inscr.

438 1667 496 1733 Gr.
523 1668 608 1751 158);
645 1668 817 1754 Euripides
849 1688 925 1735 vero
955 1667 1177 1753 Theophrasto
1210 1673 1348 1734 testante
1380 1667 1491 1733 vinum
1524 1667 1565 1733 iis
1593 1666 1786 1733 ministravit

436 1788 583 1872 Athenis,
610 1808 647 1854 eo
670 1788 819 1855 nimirum
841 1795 984 1875 tempore
1006 1809 1068 1872 qno
1091 1811 1111 1855 a
1132 1788 1286 1874 magistro
1308 1795 1480 1874 antequam
1500 1789 1618 1855 Delum
1641 1787 1785 1874 proficis-

436 1916 583 1976 cerentur
598 1910 731 1976 choreas
746 1909 972 1977 edocebantur.
1013 1911 1127 1977 Restat
1141 1916 1176 1976 ut
1191 1909 1232 1976 de
1254 1910 1424 1996 postremis
1439 1909 1654 1996 Theophrasti
1676 1908 1784 1975 verbis

436 2051 540 2117 pauca
561 2030 691 2097 addam.
739 2032 778 2097 In
799 2031 850 2097 his
872 2052 936 2097 non
957 2038 1044 2098 recte
1067 2032 1294 2099 Oasaubonnm
1323 2028 1442 2119 γραφήν
1472 2052 1529 2117 pro
1557 2030 1670 2097 tabula
1698 2030 1784 2116 picta

437 2152 590 2219 habuisse
612 2153 667 2218 vix
689 2152 846 2237 estquod
868 2173 1030 2234 moneam;
1063 2152 1210 2218 libellum
1240 2152 1302 2218 hac
1323 2173 1401 2220 voce
1424 2151 1599 2237 significari
1620 2151 1785 2238 perspexit

437 2275 641 2340 Hermannns
663 2273 704 2340 de
727 2274 850 2340 theoria
864 2273 983 2360 Delph.
1008 2295 1040 2358 p.
1061 2277 1090 2338 7.
1130 2274 1169 2338 In
1192 2293 1229 2339 eo
1250 2281 1358 2340 tamen
1380 2275 1563 2340 Hermanno
1585 2294 1647 2339 non
1669 2290 1784 2337 assen-

434 2395 505 2475 tior,
531 2394 618 2479 qnod
640 2395 755 2461 litteris
778 2395 965 2461 mandatum
987 2394 1087 2461 fuisse
1110 2394 1244 2477 censuit,
1271 2395 1454 2480 Apollinem
1476 2394 1614 2461 eundem
1636 2412 1708 2460 esse
1731 2392 1783 2459 cui

435 2516 613 2599 Thargelia
634 2523 818 2602 agerentur.
865 2517 949 2581 Nam
979 2515 1094 2581 mirum
1124 2515 1265 2600 profecto
1294 2522 1397 2599 esset,
1430 2515 1459 2581 si
1481 2516 1722 2602 Theophrastus
1748 2511 1792 2580 ut

434 2637 531 2702 talem
562 2657 628 2703 rem
658 2637 877 2723 comprobaret
906 2636 1159 2703 commentarioli
1184 2636 1353 2702 cuiusdam
1380 2636 1566 2722 perobsenri
1587 2637 1642 2722 qui
1663 2637 1697 2702 in
1720 2657 1782 2702 nno

434 2778 475 2824 er
494 2742 669 2824 minoribus
692 2758 777 2824 lanis
799 2759 1048 2824 conservabatur
1069 2757 1286 2824 testimoninm
1302 2757 1475 2824 attulisset.
1513 2757 1587 2824 Mea
1609 2756 1777 2840 sententia,

434 2878 461 2944 si
483 2878 614 2964 quidem
640 2886 726 2946 recte
748 2879 1002 2945 Valckenaerius
1025 2880 1178 2963 diuiso!
1192 2878 1375 2964 reposuisse
1405 2879 1586 2945 censendus
1616 2884 1680 2959 est,
1713 2873 1781 2964 περί

433 2995 544 3065 τυίτοιν
567 3021 630 3066 non
652 2999 696 3066 ad
716 3000 775 3066 illa
796 2996 812 3066 ὁ
836 2999 869 3065 δὲ
887 2996 1038 3065 Ἀπόλλων
1061 3004 1124 3065 κτλ.
1159 3006 1283 3085 spectat
1305 3021 1325 3065 a
1346 2998 1568 3085 Theophrasto
1590 2999 1623 3064 in
1645 2998 1780 3065 transitu

432 3120 632 3206 interposita,
658 3120 718 3187 sed
739 3122 782 3187 ad
804 3142 844 3188 ea
866 3143 948 3207 quae
971 3127 1067 3187 antea
1090 3120 1130 3187 de
1146 3120 1299 3206 Euripide
1321 3120 1470 3200 tradidit;
1495 3120 1524 3186 is
1540 3120 1624 3187 enim
1641 3141 1682 3187 ex
1696 3139 1781 3205 pago

433 3241 643 3327 Phlyensium
673 3241 826 3309 oriundus
855 3249 934 3310 erat.
981 3243 1212 3330 Δαρνηρορεῖον
1242 3242 1287 3308 ibi
1318 3242 1415 3308 situm
1444 3241 1620 3308 Bursianns
1649 3242 1777 3326 (Geopr.

433 3386 493 3427 von
511 3362 747 3428 Grieehenlnnd
765 3363 781 3428 I
796 3385 828 3449 p.
848 3366 919 3446 348)
948 3385 1011 3430 non
1034 3363 1196 3429 diversum
1219 3381 1292 3430 esse
1314 3369 1406 3449 putat
1424 3364 1465 3429 ab
1488 3383 1526 3428 eo
1547 3362 1667 3448 templo
1690 3361 1781 3427 cuins

433 3483 613 3551 Pausanias
636 3484 687 3550 his
709 3485 817 3550 verbis
832 3484 1024 3550 mentionem
1048 3484 1142 3551 iacit:
1189 3486 1324 3550 Φλυεῦσι
1347 3485 1380 3549 δέ
1402 3485 1461 3549 εἰσι
1482 3482 1534 3548 καὶ
1550 3481 1781 3571 Μυρρινουσίοις

432 3606 493 3678 τοῖς
517 3603 569 3690 μὲν
590 3600 772 3678 Ἀπόλλωνος
795 3601 1012 3670 Διονυσοδότου
1040 3603 1092 3670 καὶ
1110 3602 1279 3692 Ἀρτέμιδος
1306 3601 1494 3692 σελασφόρου
1518 3601 1614 3693 βωμοὶ
1636 3600 1781 3671 Διονύσου

432 3751 465 3791 τε
484 3723 602 3793 ’Arbion
631 3725 682 3791 καί
706 3725 842 3814 Νυμφῶν
868 3723 1045 3812 Ἰσμηνίδων
1075 3725 1127 3792 καλ
1157 3725 1217 3814 Γῆς
1246 3718 1284 3814 ἢν
1316 3721 1448 3813 μεγάλην
1480 3723 1551 3792 θεὸν
1579 3721 1776 3812 ὀνομάζουσι·

432 3844 503 3922 ναὸς
527 3846 560 3912 δὲ
582 3849 682 3936 έτερος
704 3846 770 3936 ἔχει
793 3842 913 3935 βωμούς
935 3851 999 3913 κτλ.
1030 3848 1123 3933 (131,
1142 3849 1188 3934 4).

517 4091 573 4156 IV.
599 4090 717 4157 Snidas
732 4110 759 4156 s.
774 4112 804 4156 ν.
820 4086 1032 4178 Ἀναγυράσιος
1049 4091 1162 4174 (δεεστ.
1181 4089 1367 4175 Apostolins
1381 4091 1430 4155 IX
1448 4093 1505 4171 79;
1528 4090 1569 4157 cf.
1589 4091 1779 4177 Bernhardy

432 4211 475 4277 ad
497 4211 589 4277 Suid.
614 4233 645 4276 v.
672 4213 911 4298 ἐγκατελέγησαν
941 4212 1044 4297 λίδοι);
1077 4206 1171 4297 δῆμός
1201 4213 1279 4276 ἐστιν
1302 4207 1480 4299 Ἀναγυροδς
1507 4216 1571 4278 κτλ.
1619 4209 1669 4277 καί
1693 4208 1780 4277 Ἀνα-

430 4328 571 4420 γυράσιος
602 4332 728 4419 δαίμων.
782 4332 834 4398 καλ
861 4334 982 4419 τέμενος
1009 4328 1171 4420 Ἀναγὸρου
1205 4335 1236 4399 ἐν
1270 4339 1313 4423 τῷ
1343 4331 1431 4423 δήμῳ
1460 4338 1524 4400 τῶν·
1545 4329 1776 4422 Ἀναγυρασίου.

435 4455 536 4537 [Quae
558 4461 734 4539 sequnntur
756 4449 967 4541 Ἀναγυράσιος
996 4455 1123 4540 δαίμων,
1156 4451 1220 4519 ἐπεὶ
1245 4452 1294 4520 τδν
1317 4460 1518 4543 παροικοῦντα
1539 4450 1706 4543 πρεσβύτην
1728 4452 1780 4519 καλ

430 4576 608 4661 ἐκτέμνοντα
631 4573 663 4641 τὸ
686 4568 776 4648 ἄλσος
799 4571 1007 4662 ἐτιμωρήσατο
1026 4571 1185 4662 Ἀνάγυρος
1208 4570 1307 4663 ἥρως·
1333 4573 1542 4666 Ἀναγυράσιοι
1568 4577 1674 4663 (immo
1694 4572 1780 4642 Ἀνα-

429 4699 546 4784 γυροίις)
582 4696 615 4761 δὲ
644 4700 739 4782 δῆμος
768 4701 820 4783 τῆς
841 4692 971 4783 Ἀττικῆς
1001 4717 1156 4763 conexum
1179 4698 1347 4764 verborum
1369 4699 1627 4785 interrumpunt]
1674 4694 1779 4766 radron

430 4819 463 4884 δέ
486 4844 529 4893 τις
551 4819 672 4906 ἐξέκοψε
699 4815 732 4882 τὸ
755 4809 856 4891 άλσος.
905 4813 921 4883 δ
953 4817 986 4882 δὲ
1015 4823 1058 4906 τῷ
1085 4820 1141 4906 υἱῷ
1164 4815 1255 4885 αὐτοῦ
1278 4821 1408 4906 έπέμηνε
1430 4817 1482 4907 την
1506 4816 1682 4907 παλλακήν,
1715 4812 1779 4907 ἥτις

431 4936 472 5026 μη
496 4939 646 5025 δυναμένη
671 4939 832 5024 συμπεῖσαι
852 4935 902 5004 τὸν
924 4940 1019 5005 παῖδα
1043 4941 1181 5027 διέβαλεν
1205 4937 1246 5014 ὡς
1269 4937 1382 5027 ἀσελγῆ
1405 4945 1448 5030 τῷ
1468 4942 1568 5029 πατρί.
1608 4940 1625 5007 h
1648 4941 1681 5008 δέ
1704 4938 1780 5028 ἐπη-

433 5085 527 5149 ρυισεν
558 5056 648 5126 αὐτὸν
678 5057 728 5125 καὶ
757 5056 1056 5148 ἐγκατῳκοδόμησεν.
1102 5060 1151 5126 ἐπὶ
1180 5057 1295 5136 τούτοις
1325 5061 1375 5127 καὶ
1398 5058 1414 5127 δ
1437 5059 1535 5151 πατέρ
1557 5061 1663 5129 ἑαυτὸν
1686 5059 1780 5151 ἀνήρ-
