4452 6384
606 672 819 730 HIEROHYMI
836 672 972 730 RHODII
989 671 1260 730 PEHIPATETICI
1278 672 1514 730 FRAGMENTA
1691 679 1732 742 87

386 863 552 930 teticorum
576 884 659 947 quae
680 864 766 930 inest
786 864 820 930 in
842 864 909 930 vita
923 863 1118 949 Menagiana
1138 884 1247 930 eorum
1262 871 1386 932 tantum
1402 865 1545 932 ordinem
1561 867 1735 952 diligenter

388 991 550 1052 servatum
579 985 726 1052 videmus
755 985 810 1070 qui
832 985 1036 1051 Aristotelem
1067 991 1100 1051 et
1120 985 1377 1072 Theophrastum
1398 987 1432 1052 in
1455 987 1611 1072 regimine
1634 989 1734 1074 Lycei

388 1107 489 1175 secuti
512 1113 604 1174 sunt:
629 1106 736 1172 minus
758 1112 907 1172 accurate
928 1106 1058 1172 nomina
1080 1127 1199 1189 eorum,
1224 1107 1279 1191 qui
1302 1107 1386 1174 sicut
1399 1108 1615 1193 Hieronymus
1636 1128 1733 1195 sepa-

387 1229 479 1295 ratim
509 1228 636 1294 sebolas
658 1227 857 1308 habuerunt,
890 1227 1005 1294 ceteris
1027 1247 1100 1294 esse
1121 1228 1310 1313 interposita
1331 1249 1395 1294 non
1418 1235 1468 1294 est
1490 1249 1546 1294 cur
1567 1229 1729 1295 miremur.

386 1349 497 1416 Facile
527 1348 624 1415 etiam
653 1348 812 1415 Athenaei
842 1368 929 1414 error
958 1348 1114 1433 explicari
1142 1355 1266 1434 potest,
1299 1349 1354 1433 qui
1384 1370 1456 1415 eum
1486 1350 1731 1434 peripateticum

386 1470 487 1536 irrisae
510 1442 878 1555 Hieronymum'notum
910 1476 998 1536 esset
1018 1469 1201 1536 Aristotelis
1231 1470 1426 1556 discipulum
1456 1491 1530 1536 cum
1553 1472 1732 1556 neglegen-

387 1591 449 1657 tius
479 1591 657 1677 appellavit
689 1591 814 1676 (fragm.
840 1592 915 1676 ΙΠ).
962 1591 1013 1657 Ita
1041 1591 1128 1656 enim
1155 1597 1241 1656 recte
1271 1590 1312 1658 de
1338 1591 1399 1656 hac
1421 1611 1455 1657 re
1478 1591 1629 1657 statuisse
1652 1591 1731 1658 mihi

386 1712 515 1778 videtur
536 1711 661 1778 lansius
689 1712 740 1796 (de
763 1712 884 1798 scriptt.
911 1713 985 1777 hist.
1010 1712 1129 1796 philos.
1155 1712 1234 1792 113,
1254 1713 1298 1796 6),
1326 1733 1431 1797 neque
1454 1711 1593 1778 Luzacio
1616 1731 1730 1779 assen-

385 1833 445 1900 tior
463 1830 664 1920 Ἀριστοξένου
685 1854 742 1918 pro
762 1829 980 1920 Ἀριστοτέλους
1002 1832 1091 1918 apud
1106 1833 1308 1899 Athenaeum
1330 1834 1504 1916 legendum
1527 1853 1600 1900 esse
1623 1833 1731 1920 suspi-

385 1954 472 2020 canti
510 1954 605 2038 (lectt.
639 1955 706 2020 Att.
738 1977 771 2040 p.
792 1957 885 2038 199),
921 1954 1111 2040 pracsertim
1141 1974 1213 2019 curn
1246 1952 1470 2039 philosophiae
1498 1955 1730 2021 Aristoxeneac

383 2076 531 2141 alumnos
553 2074 653 2142 luisse
675 2075 764 2141 nullo
786 2074 872 2160 quod
894 2075 994 2141 sciam
1016 2075 1198 2142 testimonio
1220 2075 1437 2155 confirmetu1·;
1470 2095 1600 2160 prorsus
1622 2083 1730 2142 autern

383 2195 490 2262 sutilia
516 2216 588 2264 esse
617 2217 700 2281 quae
723 2189 881 2263 Lutatius
903 2197 1012 2263 attulit
1033 2204 1069 2263 ut
1089 2197 1315 2263 Aristoxenum
1337 2203 1370 2262 et
1391 2196 1621 2281 Hieronymum
1643 2197 1730 2262 idem

385 2317 633 2402 philosophandi
660 2337 764 2400 genus
791 2316 944 2384 habuisse
967 2317 1150 2384 ostenderet
1176 2321 1217 2402 (p.
1244 2319 1448 2401 tlt-215),
1482 2317 1578 2383 facile
1599 2316 1730 2384 intelle-

384 2438 480 2522 gitur.
509 2477 554 2486 —
579 2439 775 2524 Impugnata
804 2457 877 2505 esse
904 2437 1056 2504 videntur
1082 2437 1270 2523 Hieronymi
1297 2437 1418 2523 placita
1445 2460 1467 2504 a
1496 2439 1625 2505 Zenone
1647 2441 1729 2505 Tar-

381 2559 481 2642 sensi,
507 2566 543 2626 nt
563 2560 774 2645 probabiliter
795 2559 930 2625 coniecit
952 2558 1187 2642 Comperettins
1214 2559 1348 2642 (Papira
1370 2559 1480 2626 Erret.
1505 2559 1589 2624 iucd.
1614 2581 1646 2645 p.
1673 2563 1725 2645 76,

287 2653 291 2658 .
383 2681 444 2748 tol.
470 2683 512 2745 48
535 2679 586 2746 καὶ
607 2681 695 2747 πέντε
716 2676 790 2768 πρὸς
806 2675 1054 2769 Ἱερώ<νυ)μ<ον)
1069 2677 1122 2744 καὶ
1144 2680 1184 2744 Φ.
1206 2730 1213 2744 .
1235 2729 1242 2743 .
1264 2680 1300 2763 ..)

467 2802 634 2868 Librorum
663 2809 771 2869 autem
798 2801 987 2885 Hieronymi
1016 2799 1240 2886 inscriptiones
1273 2819 1354 2885 quas
1380 2801 1529 2866 novimus
1557 2808 1632 2867 sunt
1660 2798 1728 2890 περ)

381 2927 495 3011 ἐποχῆς
522 2923 571 3006 (fr.
597 2924 637 3008 Ι),
663 2920 732 3010 περὶ
755 2923 850 3008 μέθης
877 2921 927 3005 (fr.
951 2922 993 2987 ΙΙ.
1016 2921 1089 3006 ΙΠ),
1115 2920 1183 3008 περὶ
1205 2926 1338 3007 ποιητῶν
1367 2921 1416 3004 (fr.
1435 2922 1491 2986 IV.
1509 2923 1562 3005 V),
1589 2917 1725 3008 ὑπομνή-

381 3069 462 3131 ροιτο
488 3044 537 3130 (fr.
556 3044 717 3138 VI-Illl,
744 3043 899 3110 tractatui
926 3043 975 3126 (fr.
993 3043 1035 3125 X,
1056 3042 1099 3108 cl.
1116 3043 1221 3125 adn).
1268 3042 1306 3107 In
1329 3041 1410 3108 libro
1432 3041 1479 3108 de
1502 3043 1726 3110 retinendo

380 3184 558 3232 assensu
594 3165 752 3232 Arcesilai
789 3165 910 3252 placita
941 3163 1157 3248 Hieronymus
1193 3183 1400 3249 oppugnasse
1438 3164 1618 3230 censendus
1655 3171 1723 3231 cst:

378 3309 410 3352 v.
430 3288 537 3353 Lunae
557 3307 590 3372 p.
610 3289 685 3352 210.
731 3287 788 3353 De
811 3285 1023 3352 ebrietate
1044 3291 1119 3350 ante
1135 3305 1209 3350 eum
1225 3286 1420 3370 scripserant
1433 3283 1623 3350 Aristoteles
1638 3285 1727 3352 eius-

378 3429 441 3492 que
463 3406 614 3494 discipuli
631 3407 877 3493 Theophrastus
900 3413 932 3473 et
949 3405 1149 3473 Chamaeleo
1178 3405 1229 3488 (cf.
1247 3405 1385 3492 Koephe
1406 3405 1447 3471 de
1468 3404 1635 3472 Chamael.
1657 3406 1725 3472 vita

378 3529 596 3614 librorumque
617 3529 690 3594 rell.
714 3549 747 3614 p.
773 3529 839 3612 42).
887 3527 929 3592 Hi
959 3545 1070 3594 omnes
1097 3527 1131 3592 in
1153 3527 1319 3594 tractando
1345 3533 1535 3610 argumento
1557 3526 1625 3593 lere
1648 3547 1725 3594 con-

378 3649 521 3736 spirasse
542 3649 706 3716 videntur:
734 3649 940 3715 illustrabant
961 3655 1134 3734 praecepta
1156 3648 1199 3714 ad
1221 3667 1314 3714 usum
1336 3647 1403 3713 vini
1419 3647 1599 3733 spectantia
1614 3669 1725 3715 exem-

377 3771 441 3857 plis
471 3791 512 3837 ex
540 3770 676 3837 historia
708 3769 820 3856 petitis
849 3769 1011 3852 variisque
1039 3789 1161 3835 morum
1192 3768 1459 3854 descriptionibus
1488 3789 1527 3834 ac
1557 3775 1722 3854 poetarum

377 3892 469 3958 locis.
504 3891 557 3958 Ol.
575 3891 711 3977 Koephe
727 3913 758 3977 p.
779 3893 819 3955 39
835 3909 904 3976 sqq.
945 3892 1029 3957 llose
1044 3890 1174 3956 Aristot.
1193 3889 1400 3975 pseudepigr.
1418 3911 1450 3974 p.
1473 3893 1544 3955 116.
1581 3890 1723 3976 Scripto-

377 4033 444 4079 rem
474 4013 625 4080 librorum
658 4012 706 4080 de
738 4012 893 4098 poetis,
930 4011 1021 4077 euius
1050 4011 1155 4096 putria
1184 4031 1248 4076 non
1276 4009 1453 4094 indicatur,
1489 4009 1722 4097 Hieronymum

377 4133 572 4202 Gordianum
603 4133 704 4200 luisse
734 4133 894 4200 sententia
923 4138 973 4198 est
995 4131 1190 4198 Volkmanni
1221 4130 1264 4198 ad
1293 4131 1378 4197 Plut.
1411 4131 1452 4198 de
1482 4151 1565 4198 mus.
1598 4154 1632 4218 p.
1658 4135 1717 4214 593

376 4254 435 4322 sed
457 4261 542 4322 recte
565 4255 629 4322 iam
652 4254 779 4321 Ionsius
801 4254 844 4320 ad
866 4253 1026 4320 Rhodium
1048 4273 1105 4320 eos
1127 4252 1268 4334 rettulit,
1295 4251 1387 4318 cuius
1410 4253 1587 4320 studiorum
1610 4253 1722 4338 generi

374 4383 598 4460 argumentum
627 4375 711 4442 illud
739 4375 857 4462 optime
886 4374 1045 4442 convenit.
1092 4374 1142 4440 De
1170 4373 1231 4440 hac
1253 4393 1379 4458 quoque
1402 4374 1537 4440 materia
1558 4375 1623 4442 iam
1645 4381 1721 4441 ante

374 4498 604 4582 Hieronymum
627 4497 808 4582 complures
830 4495 1032 4583 peripatetici
1050 4501 1224 4582 praeeunte
1240 4494 1395 4578 magistro
1409 4495 1628 4580 peculiaribus
1644 4517 1722 4582 ope-

374 4618 465 4684 ribus
496 4617 755 4704 dispntaverant:
796 4638 829 4682 ν.
853 4616 990 4702 Koephe
1020 4638 1052 4701 p.
1081 4619 1120 4680 10
1135 4635 1205 4700 sqq.
1238 4617 1455 4701 seispso.
1502 4615 1718 4702 Hieronymus

372 4738 527 4824 pluribus·
550 4738 766 4804 voluminibus
794 4759 866 4805 eam
894 4735 1061 4819 tractavit,
1094 4737 1251 4820 equibus
1281 4736 1426 4821 quintum
1447 4735 1636 4823 inscriptum
1658 4737 1721 4805 fuit

373 4858 442 4947 περὶ
464 4861 657 4947 κιθαρῳδῶν,
682 4858 773 4925 aliud
787 4854 854 4946 trapi
868 4861 1100 4946 τραγῳδοποιῶν
1122 4857 1173 4941 (cf.
1192 4857 1360 4924 Fabricius
1376 4857 1461 4923 Bibl.
1480 4857 1536 4924 Gr.
1553 4858 1587 4922 II
1602 4879 1634 4944 p.
1654 4862 1716 4924 306

374 4980 425 5048 ed.
450 4981 598 5064 Herba),
631 4979 687 5046 ubi
716 4979 813 5047 etiam
843 4979 884 5046 de
907 4979 1045 5062 singulis
1067 4979 1260 5062 tragicorum
1282 4978 1403 5044 fabulis
1425 4999 1498 5045 eum
1521 4977 1717 5046 disseruisse

372 5103 413 5169 fr.
438 5102 467 5167 V
489 5101 592 5168 docet.
639 5101 669 5166 H
676 5105 1006 5186 ypomnematum
1036 5099 1224 5184 Hieronymi
1241 5099 1334 5166 ‘duas
1357 5100 1504 5167 norimus
1526 5100 1719 5186 appellatio-
