4206 6248
629 661 679 716 DE
698 658 867 715 MENELAI
885 658 1095 716 PELAGONIS
1114 657 1263 714 TITULIS
1578 659 1617 720 57

276 853 428 919 evaderet
450 853 617 919 verborum
640 852 784 918 ordinem
806 857 874 917 tum
897 849 974 933 quia
997 849 1136 935 spatium
1160 869 1222 914 nou
1238 848 1373 921 suflicit;
1399 848 1501 932 patris
1515 848 1622 933 potius

276 980 333 1039 aut
361 975 486 1060 patriae
516 973 697 1056 designatio
727 973 796 1038 illic
824 971 942 1056 scripta
964 970 1034 1035 fuit.
1082 970 1183 1036 Multo
1204 970 1310 1034 miuus
1332 989 1408 1035 vero
1430 989 1525 1053 quam
1548 989 1623 1055 pro-

276 1095 392 1161 xeniae
416 1094 568 1161 honorem
590 1095 691 1160 taceri
714 1092 805 1159 licuit
827 1092 979 1157 maiorem
1002 1091 1112 1173 illurn,
1149 1090 1259 1174 quiin
1282 1089 1411 1155 civitate
1434 1089 1541 1157 Attica
1563 1111 1622 1175 pe-

275 1216 402 1300 regrino
419 1216 496 1282 data
509 1216 595 1281 inest
605 1217 640 1300 ¹).
681 1213 774 1293 Quod
797 1213 826 1279 si
848 1220 915 1279 tum
937 1212 1052 1279 civitas
1067 1212 1214 1278 Menelao
1237 1210 1313 1277 data
1335 1230 1485 1276 essenon
1500 1218 1617 1296 potest,
1644 1285 1647 1292 ,

234 1327 237 1333 ’
275 1337 355 1402 nihil
378 1336 513 1422 impedit
535 1335 704 1420 quominus
726 1356 799 1401 eum
821 1341 934 1420 postea
947 1334 1012 1400 alio
1028 1333 1156 1400 decreto
1172 1352 1243 1397 earn
1259 1332 1411 1416 adeptum
1428 1338 1616 1398 statuamus.

275 1459 322 1524 Ac
350 1466 446 1525 tenue
474 1457 635 1541 quoddam
666 1455 736 1521 eius
765 1455 812 1520 rei
841 1454 993 1520 indicium
1019 1454 1053 1519 in
1075 1452 1185 1538 lapide
1207 1453 1390 1519 etiamnunc
1412 1453 1541 1519 videtur
1562 1473 1620 1518 ex-

275 1585 370 1645 stare.
419 1579 485 1644 Suo
515 1578 600 1645 enim
629 1578 698 1643 iure
721 1576 903 1642 Koehlerus
932 1596 972 1641 ex
996 1575 1172 1660 scripturae
1195 1594 1313 1657 genere
1336 1575 1483 1659 collegit,
1516 1573 1621 1659 plebi-

276 1700 389 1766 scitum
406 1700 529 1782 aliquot
543 1697 672 1764 demum
688 1698 781 1763 annis
803 1704 875 1783 post
897 1717 992 1781 quam
1016 1697 1117 1762 latum
1139 1702 1235 1778 esset,
1262 1696 1336 1761 huic
1358 1695 1460 1780 lapidi
1481 1695 1618 1760 incisum

275 1820 387 1886 fuisse.
434 1822 503 1885 Iam
533 1819 562 1885 si
591 1819 830 1885 meminerimus
859 1819 1059 1885 decretorum
1081 1817 1122 1883 de
1144 1817 1344 1882 Methonaeis
1366 1837 1449 1900 quae
1471 1817 1512 1883 ab
1535 1837 1620 1883 auno

275 1941 326 2007 Ol.
354 1944 406 2020 88,
435 1946 449 2005 1
480 1959 582 2024 usque
610 1939 654 2006 ad
677 1944 729 2023 89,
759 1945 772 2004 1
804 1942 984 2022 [sas—424
1008 1962 1039 2005 a.
1066 1938 1154 2022 Chr.)
1188 1939 1271 2020 lata,
1305 1939 1365 2005 sed
1393 1939 1501 2004 omma
1523 1938 1619 2004 simul

275 2062 336 2128 hoc
362 2069 522 2148 postremo
551 2082 635 2126 anno
664 2060 766 2148 lapidi
794 2061 898 2127 incisa
926 2066 1000 2126 sunt
1031 2061 1077 2143 (O.
1104 2060 1130 2124 Ι.
1156 2059 1221 2126 Att.
1248 2060 1264 2125 Ι
1286 2062 1354 2144 411),
1386 2059 1621 2145 suspicabimur

275 2183 373 2248 etiam
395 2183 429 2248 iu
450 2183 591 2250 Menelai
617 2182 720 2249 titulis
749 2182 836 2248 idern
865 2182 986 2248 iactum
1015 2200 1105 2274 esse,
1138 2188 1174 2248 ut
1195 2201 1267 2247 eum
1289 2182 1356 2247 alia
1377 2179 1619 2264 insequentibus

275 2304 368 2368 annis
391 2304 563 2370 honorifica
587 2305 627 2371 de
650 2324 689 2370 eo
712 2303 755 2368 ad
776 2304 929 2388 populum
952 2304 1020 2369 lata
1041 2308 1159 2384 essent,
1185 2302 1400 2369 Athenienses
1419 2301 1621 2368 haecomnia

277 2447 339 2491 uno
367 2433 510 2510 tempore
538 2424 712 2491 incidenda
741 2431 889 2490 curarent
917 2423 1098 2510 lapidibus,
1132 2444 1172 2489 ex
1195 2423 1311 2508 quibus
1333 2424 1386 2491 hie
1408 2442 1491 2490 unus
1514 2428 1622 2489 exstat

277 2546 443 2631 deperdito
465 2546 567 2611 altero
589 2545 646 2628 qui
668 2546 832 2611 decretum
854 2544 894 2611 (16
917 2545 1048 2611 civitate
1069 2544 1192 2610 habuit.

361 2669 429 2733 Iam
453 2688 524 2732 oum
547 2667 713 2751 hucusque
736 2666 778 2732 de
800 2667 878 2732 solis
900 2666 1002 2732 titulis
1018 2665 1123 2732 Attico
1146 2671 1179 2731 et
1193 2665 1306 2731 Iliensi
1329 2665 1516 2749 dixerimus,
1542 2686 1621 2751 ope-

275 2809 330 2855 rae
358 2789 495 2874 pretium
526 2787 587 2854 erit
615 2807 769 2872 quaerere
798 2809 874 2854 num
904 2786 961 2871 qui
989 2785 1070 2853 forte
1100 2787 1290 2872 scriptorum
1320 2787 1381 2854 loci
1403 2787 1459 2853 ubi
1480 2788 1621 2853 Menelai

274 2909 411 2975 alicuius
433 2931 474 2976 ea
495 2915 601 2975 aetate
624 2909 743 2975 mentio
764 2908 810 2990 fit,
835 2908 899 2975 huc
920 2914 1074 2994 spectent.
1116 2909 1221 2992 Atque
1236 2908 1375 2974 Pittakis
1397 2907 1527 2993 quidem
1547 2928 1619 2974 curn

274 3032 411 3116 primum
442 3030 553 3097 ederet
581 3030 784 3114 plebiscitum
807 3029 1022 3112 Atheniense,
1055 3036 1088 3095 et
1116 3029 1170 3096 hie
1199 3035 1232 3096 et
1258 3029 1347 3115 apud
1368 3030 1619 3096 Demosthenem

274 3151 329 3233 IV,
350 3154 389 3214 27
420 3123 675 3235 intellegendum
704 3150 786 3216 dixit
816 3149 992 3216 Ptolemaei
1015 3151 1097 3235 Lagi
1126 3150 1148 3216 f.
1176 3150 1324 3231 fratrem;
1358 3151 1444 3235 quod
1472 3157 1538 3216 tam
1561 3151 1619 3216 ab·

275 3272 405 3338 surdum
436 3278 502 3355 est,
537 3278 572 3337 ut
599 3271 790 3338 refutatione
813 3291 893 3356 opus
915 3291 979 3336 non
1001 3272 1053 3338 sit.
1100 3271 1166 3338 Sed
1187 3244 1273 3356 quod
1296 3272 1331 3338 G.
1352 3270 1392 3337 G.
1411 3271 1616 3356 Boehnecke,

273 3393 369 3458 homo
399 3400 432 3459 et
459 3392 603 3459 doctrina
634 3398 666 3459 et
694 3392 817 3476 ingenii
847 3392 994 3486 acumine
1022 3393 1079 3457 illo
1101 3393 1197 3476 longe
1220 3392 1382 3478 superior,
1415 3393 1619 3478 1111226

273 3514 353 3579 satis
381 3514 577 3580 confidenter
605 3513 840 3598 pronuntiavit,
872 3513 966 3579 titulo
995 3513 1100 3579 Attico
1128 3513 1184 3598 agi
1213 3513 1254 3580 (16
1283 3513 1431 3580 Menelao
1459 3514 1620 3600 Amyntae

273 3634 351 3716 filio,
384 3634 525 3720 Philippi
548 3635 664 3718 trahe,
696 3634 732 3700 id
754 3655 817 3700 non
840 3635 945 3719 magis
967 3634 1094 3720 probari
1117 3640 1234 3720 potest.
1281 3635 1373 3714 Quod
1394 3635 1469 3701 nolo
1492 3636 1540 3702 sie
1560 3635 1618 3703 de-

274 3762 460 3839 monstrare,
486 3764 521 3822 ut
543 3778 583 3822 61(
605 3755 776 3841 privilegio
798 3755 911 3821 Iliensi
932 3775 1089 3841 apparere
1110 3754 1227 3838 dicam,
1252 3755 1345 3821 illurn
1360 3757 1539 3824 Amhabaei
1560 3778 1618 3843 po-

272 3877 336 3942 tius
365 3876 466 3942 filium
489 3897 580 3957 esse3
613 3878 674 3943 hoc
697 3877 781 3942 enim
804 3882 1029 3960 argumentum
1051 3895 1172 3961 anceps
1194 3883 1261 3957 est,
1294 3876 1371 3961 quia
1391 3877 1464 3962 quis
1487 3899 1527 3944 ea
1547 3878 1620 3964 ipsa

273 4017 325 4080 re,
357 3997 444 4082 quod
466 3999 626 4083 Amyntae
656 3997 723 4063 filio
752 3996 941 4063 tribuendus
970 3997 1012 4063 sit
1039 3996 1152 4062 titulus
1174 3996 1317 4081 Atticus,
1350 3998 1489 4064 rationes
1519 4021 1539 4065 a
1566 4020 1618 4065 me

274 4138 373 4203 supra
401 4118 580 4204 propositas
609 4118 649 4184 de
674 4119 787 4184 tabula
808 4117 920 4183 Iliensi
942 4116 1138 4183 labefactare
1161 4124 1303 4183 conetur.
1350 4118 1393 4187 At
1414 4120 1510 4186 etiam
1533 4121 1618 4187 aliae

271 4259 389 4323 graves
405 4246 480 4305 suut
493 4259 622 4322 causae,
641 4260 698 4306 eur
712 4239 755 4305 ad
769 4239 860 4305 illum
876 4239 1040 4305 decretum
1055 4238 1166 4324 populi
1177 4238 1385 4305 Atheniensis
1398 4248 1543 4326 spectare
1554 4263 1617 4308 uon

272 4359 383 4445 possit.
421 4360 509 4439 Quas
524 4380 639 4425 causas
654 4361 706 4424 Tu
727 4359 867 4444 quidem,
894 4361 1029 4440 Seurri,
1055 4360 1088 4425 ni
1104 4359 1201 4427 fallor
1215 4382 1472 4448 unumquemque
1488 4363 1539 4430 vel
1555 4383 1618 4430 non

272 4480 425 4547 monitum
448 4500 616 4546 sensurum
640 4481 788 4566 sperasti,
814 4502 886 4546 cum
901 4480 1062 4565 Philologi
1077 4481 1158 4547 XIX
1172 4504 1204 4568 p.
1224 4485 1286 4548 248
1302 4483 1443 4550 breviter
1458 4504 1614 4569 moneres,

271 4601 357 4668 hunc
378 4602 560 4668 Menelaum
583 4601 624 4667 ab
645 4601 703 4667 illo
726 4601 988 4686 distinguendum
1012 4621 1094 4668 esse.
1143 4603 1210 4670 Sed
1231 4624 1302 4671 eum
1318 4604 1544 4672 Boehneckius
1565 4606 1617 4672 ni-

358 4932 374 4983 11
396 4930 478 4985 Talia
496 4930 647 5001 plebiscita
665 4946 727 4984 eum
747 4930 835 4986 multo
853 4932 961 4986 rariora
979 4932 1036 4987 sint
1053 4932 1112 4987 illis
1130 4933 1233 5002 quibus
1250 4935 1404 5003 proxeniae
1416 4936 1607 4992 decernuntur

268 5018 425 5072 mitandum
437 5033 492 5072 non
504 5023 557 5079 ost,
572 5019 648 5086 quod
661 5033 744 5072 uuum
758 5018 840 5073 modo
854 5018 958 5073 iudicIs
972 5018 1144 5085 ΠΟΛΠείία)
1160 5019 1278 5088 praefixi
1291 5021 1449 5090 exemplum
1465 5021 1504 5087 ((1.
1516 5021 1538 5077 l.
1552 5017 1606 5078 Att

269 5101 296 5157 II
315 5105 372 5165 280)
394 5109 518 5158 aetatem
536 5103 611 5158 tulit.
