4118 6240
509 620 722 676 flluueuuur
740 619 875 676 RHODlI
892 618 1161 675 PERIPATETICI
1179 616 1417 675 FRAGMENTA
1576 622 1636 685 103

377 815 464 880 XIV.
504 813 587 880 Plut.
620 811 662 878 de
690 810 794 879 cohib.
820 809 909 876 irat
939 832 972 896 p.
999 815 1061 874 454
1098 807 1152 877 ούκ
1188 802 1313 898 ἤρεσκεν
1350 803 1401 876 οὖν
1440 836 1491 896 μοι
1526 812 1634 899 καίπερ

291 927 371 1002 ἀλλα
399 931 536 1022 χρήσιμα
564 933 659 1019 λέγων
687 932 739 998 καὶ
768 934 923 1019 παραινῶν
950 926 1163 1019 όἹερώνυμος
1186 933 1218 997 ἐν
1241 930 1285 1006 οἷς
1308 928 1344 998 ού
1367 957 1441 1020 φησι
1463 934 1633 1019 γινομένης,

292 1053 370 1122 ἀλλά
392 1055 593 1142 γεγενημένης
615 1051 668 1119 καί
690 1045 782 1139 ούσης
808 1049 949 1138 αἴσθησιν
972 1048 1063 1140 ἀργῆς
1086 1051 1163 1118 εἶναι
1189 1050 1240 1119 διά
1262 1049 1295 1118 τό
1317 1048 1420 1140 τάχος.
1468 1050 1554 1120 ούδὲν
1577 1051 1635 1142 γάρ

291 1173 368 1246 ούτω
396 1181 452 1243 τῶν
480 1179 589 1242 παθῶν
619 1169 835 1262 συλλεγόμενον
865 1174 915 1239 καί
944 1169 1169 1261 διακινούμενον
1198 1174 1266 1262 ἔχει
1294 1170 1347 1260 τήν
1376 1176 1491 1261 γένεσιν
1514 1177 1634 1263 ἐμφανῆ

291 1296 341 1365 καί
362 1297 416 1386 την
439 1290 572 1385 αύξησιν.

378 1543 449 1609 xv.
482 1542 564 1607 nul.
598 1539 639 1606 ne
662 1537 766 1605 nonin.
798 1538 847 1604 rra
872 1541 910 1602 ω
932 1558 966 1623 p.
992 1498 1054 1603 ιω
1084 1531 1160 1623 αὕτη
1192 1536 1245 1624 μὲν
1275 1530 1327 1605 ou
1357 1536 1428 1614 ἴσως
1459 1535 1514 1606 ou
1543 1535 1636 1629 ὀργῆς

292 1664 409 1752 ἰατρεία
431 1664 581 1751 φανεῖται,
608 1656 781 1748 διάκρουσις
805 1659 838 1724 δὲ
860 1659 911 1724 καί
934 1654 1054 1746 φυλακὴ
1077 1664 1133 1723 τῶν
1157 1661 1188 1724 ἐν
1204 1656 1280 1747 ἀργῇ
1296 1686 1373 1735 τινος
1389 1656 1632 1749 ἁμαρτημάτων·

291 1787 390 1851 καίτοι
422 1783 474 1850 καί
508 1778 637 1869 σπληνὸς
671 1780 784 1867 οἴδημα
818 1777 985 1867 σύμπτωμα
1014 1782 1067 1866 μέν
1096 1781 1160 1845 ἐστι
1187 1781 1331 1868 πυρετοῦ,
1368 1778 1571 1870 πραϋνόμενον
1602 1783 1635 1850 δὲ

290 1906 428 1994 κουφίζει
449 1902 499 1972 τὸν
520 1899 656 1993 πυρετόν,
683 1898 722 1978 ῶς
737 1927 828 1991 φησιν
844 1897 1037 1991 Ἱερώνυμος.

376 2149 463 2215 XVI.
490 2148 580 2214 Stub.
597 2147 660 2214 ccl.
677 2147 742 2213 eth.
758 2151 796 2212 31
815 2146 848 2212 in
864 2145 958 2212 fluril.
978 2146 1131 2212 Laurent.
1144 2146 1176 2210 Il
1196 2148 1244 2229 13,
1264 2149 1320 2209 121
1340 2146 1382 2231 (p.
1399 2147 1460 2210 209
1476 2145 1629 2232 Mcinek.)

282 2264 480 2358 Ἱερωνύμου.
520 2269 617 2356 Δεῦρο
636 2263 673 2354 δη
690 2267 741 2333 καί
757 2263 939 2356 σκεψώμεθα
953 2267 1021 2356 περὶ
1036 2270 1089 2352 τῆς
1104 2271 1162 2331 τῶν
1177 2265 1294 2331 παίδων
1310 2262 1431 2354 ἀγωγῆς
1446 2267 1513 2334 τίνα
1527 2263 1634 2355 τρόπον

163 2388 171 2401 ’
291 2386 481 2478 διειλίφασιν
504 2391 533 2455 ul
546 2390 693 2477 πατέρες·
718 2386 754 2456 ού
769 2387 828 2477 γάρ
851 2385 939 2475 μόνον
961 2390 1068 2461 ἐντοῖς
1084 2383 1225 2475 πρότερον
1242 2383 1321 2454 ἀλλά
1338 2387 1389 2453 καί
1405 2390 1436 2453 ἐν
1453 2384 1568 2473 τούτοις
1583 2386 1635 2456 εύ-

291 2511 420 2600 ρησομιν
444 2505 552 2585 αύτούς
575 2508 610 2576 ού
634 2509 724 2598 μικρά
747 2514 972 2598 διαφωνοῦντας
1000 2511 1069 2592 (τοῖς
1091 2512 1142 2574 νῦν
1165 2509 1216 2575 vel
1232 2511 1293 2584 τοῖς
1308 2505 1383 2575 καθ’
1402 2504 1483 2596 ἡμᾶς
1498 2511 1551 2576 vel
1568 2511 1634 2578 tale

288 2632 365 2717 quid
381 2632 540 2700 excidisse
554 2631 637 2698 eeui.
656 2632 864 2717 Meinekiual·
890 2630 996 2704 οἵτινες
1011 2633 1126 2717 πρῶτον
1144 2628 1196 2714 μὲν
1213 2625 1376 2718 βαρβάροις
1390 2627 1633 2718 παραβάλλοντες

288 2755 492 2841 παιδαγωγοῖς
527 2750 574 2837 (τά
594 2749 690 2818 παιδί’
718 2748 846 2839 ἀγωγοῖς
872 2752 955 2818 coni.
982 2751 1092 2836 Mein.)
1119 2750 1172 2816 καί
1193 2745 1304 2816 τούτων
1327 2747 1448 2818 ἀκούειν
1471 2753 1635 2821 κελεύσαν-

288 2901 336 2950 τες
375 2869 555 2956 (κελεύοντες
581 2874 664 2940 ceni.
693 2873 801 2959 Mein.)
843 2875 949 2947 ἱκανῶς
982 2874 1192 2958 ἐπιμελεῖσθαι
1224 2873 1413 2958 νομίζουσιν,
1452 2866 1551 2962 ῶσπερ
1581 2880 1634 2941 τοῦ

289 2993 366 3062 κατὰ
398 2991 492 3070 πόδας
522 2991 781 3080 ἀκολουθήσαντος
815 2989 1088 3080 (ἀκολουθήσαντος
1115 2992 1231 3075 codex,
1265 3013 1327 3060 em.
1353 2994 1568 3080 Wytteubach
1591 2997 1634 3062 ud

289 3120 373 3184 Plnt.
398 3116 478 3183 Mor.
510 3137 543 3202 p.
569 3121 587 3180 4
611 3115 670 3200 Α),
711 3112 780 3181 ἀλλ’
815 3112 851 3181 ού
879 3118 931 3182 τοῦ
959 3118 1057 3188 καλῶς
1086 3110 1278 3202 ἡγησαμένου
1311 3113 1515 3202 (ἡγησαμένου
1544 3116 1630 3202 ced„

290 3260 352 3305 em.
377 3238 492 3324 wyte]
520 3238 669 3323 δεομένων
692 3241 750 3302 τῶν
772 3235 898 3302 παιδίων
927 3235 1051 3320 (παίδων
1074 3235 1159 3319 eod.,
1186 3257 1248 3302 em.
1272 3236 1398 3322 Mein),
1424 3237 1549 3303 καὶτοῦ
1572 3263 1632 3325 φυ-

287 3356 443 3433 λάττοντος
478 3354 669 3446 (φυλάξοντας
697 3357 780 3425 ceni.
805 3357 914 3443 Mein.)
950 3353 1088 3444 καθάπερ
1119 3353 1256 3445 συβώτου
1280 3355 1319 3444 μὴ
1349 3352 1400 3443 (μη
1430 3378 1492 3424 eur.
1518 3359 1630 3442 Mein,

289 3484 316 3546 al
339 3479 422 3565 cod.)
448 3481 603 3567 πλανηθῇ,
630 3475 698 3545 ἀλλ’
726 3475 821 3566 οὐχί.
844 3529 880 3544 ..
911 3477 1032 3564 l‘deest
1054 3477 1141 3563 quid,
1167 3478 1247 3544 ferte
1269 3481 1321 3544 τοῦ
1342 3482 1558 3565 παραινοῦντος
1580 3481 1632 3547 vel

289 3603 395 3669 simile
424 3601 515 3686 quid’
540 3601 669 3686 wyttl.
717 3596 764 3665 διό
786 3598 838 3664 καὶ
860 3595 909 3665 τόν
933 3600 1044 3664 ἐκτῶν
1067 3600 1201 3685 ἐργατῶν
1225 3595 1525 3685 ἀποδοκιμασθέντα,
1559 3605 1630 3667 τοῦ·

287 3749 337 3790 τον
360 3723 409 3789 ἐπί
430 3722 622 3809 παιδαγωγίᾳ
643 3717 869 3804 κατατάττουσι,
899 3716 936 3787 τά
958 3716 1047 3808 φύσει
1068 3717 1234 3807 τιμιώτατα
1262 3716 1434 3808 (τιμιώτερα
1454 3721 1540 3806 ced.‚
1566 3743 1629 3788 em.

288 3845 397 3928 Mein.)
425 3845 486 3918 τοῖς
509 3838 730 3916 εὐτελεστάτοις
754 3837 894 3916 διδόντες.
940 3833 1012 3908 ’όθεν
1036 3842 1087 3907 καί
1104 3841 1408 3929 Περικλῆς,ιοίκέτου
1429 3843 1501 3908 ποτὲ
1523 3839 1631 3909 πεσόν-

287 3992 336 4040 τος
359 3962 418 4032 ἀπὸ
439 3964 544 4038 ἐλαίας
567 3960 673 4030 καὶτὸ
696 3966 801 4039 σκέλος
824 3963 1052 4051 συντρίψαντος,
1087 3963 1170 4037 ίνεός
1194 3955 1267 4050 ἄρα’
1297 3964 1355 4047 (νέε
1375 3954 1434 4050 όρα
1456 3963 1540 4048 eod.,
1566 3984 1629 4031 ern.

288 4089 326 4155 O.
350 4087 404 4153 Fr.
429 4087 594 4153 Hermann
620 4086 738 4171 qrr'cclu.
764 4085 1008 4151 ffluatultcrtlc.
1034 4088 1090 4167 34,
1120 4087 1168 4170 18)
1196 4083 1255 4172 ἔφη
1290 4081 1499 4172 ιπαιδαγωγός
1528 4088 1629 4174 πέφη-

288 4234 337 4274 νεν
376 4209 521 4294 (πέφηνας
554 4206 637 4273 coni.
673 4206 817 4292 wytt.)’‚
862 4201 917 4272 οῦκ
950 4201 1104 4280 ἀπιθάνως
1137 4211 1190 4292 τῆς
1224 4201 1386 4294 θπουργίας
1425 4203 1478 4294 την
1512 4204 1632 4294 ἀτιμίαν

289 4324 423 4416 σκώψας.

376 4448 427 4517 ef.
444 4449 607 4515 Hermann
623 4448 646 4514 l.
665 4470 693 4515 c.
733 4448 975 4514 Subabsnrdunr
990 4447 1078 4514 istud
1100 4447 1218 4515 dictum
1243 4455 1278 4514 ut
1292 4449 1408 4515 Pericli
1430 4449 1629 4534 tribueretur,

290 4569 507 4657 compluribus
541 4568 615 4635 aliis
652 4569 900 4636 narratiunculis
933 4568 1019 4636 effici
1052 4569 1167 4655 potnit.
1220 4570 1428 4656 Pseuduplat.
1464 4570 1570 4637 Alcib.
1602 4573 1629 4637 1.

288 4715 320 4779 p.
343 4695 402 4756 122
424 4692 451 4756 B
475 4689 521 4755 σοί
544 4684 589 4773 δ’,
616 4682 642 4753 ῶ
661 4685 847 4778 Ἀλκιβιάδη,
875 4691 1025 4779 Περικλῆς
1047 4691 1194 4778 ἐπέστησε
1215 4687 1407 4777 παιδαγωγόν
1430 4697 1488 4757 τῶν
1512 4694 1632 4758 οἰκετῶν

286 4810 336 4880 τόν
367 4807 562 4899 ἀχρειότατον
592 4806 648 4877 ὑπὸ
670 4806 788 4897 γηρως,
823 4809 968 4899 Ζώπυρον
997 4808 1046 4878 τὸν
1077 4811 1193 4900 Θρᾷκα.
1241 4812 1325 4880 Plut.
1358 4814 1430 4879 Per.
1460 4817 1497 4879 ¹3
1528 4809 1544 4879 ‘a
1574 4810 1631 4902 γάρ

286 4929 477 5023 ἐνεργότατος
505 4932 557 4997 καί
584 4927 810 5020 προθυμότατος
838 4937 895 4999 τῶν
925 4939 1068 5022 τεχνιτῶν
1098 4930 1282 5022 ἀποσφαλείς
1304 4936 1335 5007 ἐξ
1356 4924 1449 5022 ύψυυς
1471 4933 1559 5001 ἔπεσε
1582 4934 1633 5002 καί

286 5059 413 5123 διέκειτο
437 5055 600 5142 μοχθηρῶς
622 5041 759 5120 ύπῦτῶν
784 5057 894 5143 ἰατρῶν
917 5051 1163 5142 ἀπεγνωσμένος·
1194 5050 1381 5143 ἀθυμοῦντος
1403 5056 1437 5122 δὲ
1459 5063 1511 5124 τοῦ
1535 5057 1632 5147 Περι-
