4206 6248
638 655 688 710 DE
707 653 875 708 MENELAI
894 652 1102 708 PELAGONIS
1121 652 1272 708 TITULIS
1424 698 1425 702 ,
1586 654 1627 714 59

370 845 413 910 Ut
434 844 531 928 igitur
552 845 756 911 manifestum
788 850 838 910 est
866 844 1125 927 distinguendum
1149 862 1222 910 csse
1244 843 1427 908 Menelaum
1451 841 1628 907 Arrhabaei

284 963 306 1027 f.
326 964 491 1048 Pelagone
514 966 582 1031 sire
597 967 800 1050 Lyncestam,
827 965 917 1030 cuius
940 972 1072 1047 uterque
1096 965 1206 1030 titulus
1229 972 1288 1042 est,
1315 965 1356 1029 ab
1380 964 1539 1047 Amyntae
1561 961 1628 1026 lilio

283 1085 472 1167 Macedone,
505 1107 598 1170 quem
622 1087 763 1152 Iustinus
786 1092 1028 1168 commemorat,
1061 1086 1106 1152 ita
1128 1106 1330 1169 nequaquam
1353 1085 1450 1150 facile
1472 1089 1521 1148 est
1543 1082 1629 1148 diiu-

283 1205 406 1288 dicatu,
439 1213 509 1272 uter
535 1228 575 1273 ex
605 1208 655 1272 bis
684 1207 922 1290 intellegendus
952 1207 994 1272 sit
1023 1207 1110 1291 apud
1141 1206 1389 1272 Demosthenem
1412 1206 1467 1287 IV,
1492 1207 1531 1268 27
1557 1199 1622 1269 ἀλλ’

283 1327 325 1399 εἰς
356 1327 409 1412 μὲν
433 1328 552 1414 Λῆμνον
580 1326 630 1393 τὸν
660 1325 734 1415 παρ’
767 1325 849 1414 ὑμῶν
877 1327 1028 1415 ἵππαρχον
1058 1328 1103 1392 δεῖ
1131 1330 1231 1410 πλεῖν,
1264 1333 1319 1391 των
1339 1324 1369 1390 δ’
1398 1323 1471 1412 ὑπὲρ
1493 1331 1552 1389 τῶν
1575 1329 1628 1409 τῆς

283 1444 397 1522 πόλεως
421 1445 579 1534 κτημάτων
603 1446 828 1536 ἀγωνιζομένων
846 1449 1002 1514 Μενέλαον
1028 1450 1198 1536 ἱππαρχεῖν.
1246 1446 1295 1513 καὶ
1318 1444 1353 1514 οὐ
1368 1444 1418 1513 τὸν
1435 1441 1532 1534 ἄνδρα
1549 1471 1626 1531 μεμ-

285 1568 415 1656 φόμενος
444 1574 538 1636 ταῦτα
569 1573 664 1656 λέγω,
681 1636 683 1641 ,
700 1567 767 1636 ἀλλ’
802 1567 853 1658 ὑφ’
889 1567 968 1655 ὑμῶν
998 1570 1062 1634 ἔδει
1091 1572 1374 1657 κεχειροτονημένον
1405 1567 1482 1634 εἶναι
1510 1572 1624 1650 τοῦτον,

283 1683 364 1763 ’ὅστις
387 1684 423 1756 ἂν
446 1683 478 1777 ᾖ.
525 1692 611 1757 Sane
634 1693 685 1757 bic
708 1692 878 1757 nemodum
902 1691 1071 1771 dubitarit,
1098 1691 1173 1775 quin
1189 1690 1332 1776 Philippi
1354 1690 1454 1755 frater
1476 1689 1628 1773 designe-

284 1819 344 1877 tur.
393 1813 435 1878 At
460 1813 520 1878 hoc
548 1812 706 1897 quomodo
729 1813 891 1878 conciliari
913 1819 1018 1898 potest
1040 1833 1112 1877 cum
1134 1813 1316 1878 narratione
1339 1811 1469 1894 Iustini,
1503 1831 1542 1876 ex
1565 1831 1629 1894 qua

284 1935 354 1998 sola
383 1934 477 1998 buius
500 1933 638 1999 Menelai
668 1933 736 1998 fata
765 1934 937 1999 norimus?
974 1934 1062 1999 Haec
1093 1933 1176 1998 enirn
1207 1933 1301 1998 aliter
1329 1932 1474 2016 intellegi
1504 1931 1624 2015 nequit,

284 2054 345 2119 nisi
370 2061 405 2120 ut
426 2076 466 2120 ex
489 2054 562 2138 ipsa
578 2054 765 2120 Macedonia
781 2054 954 2139 Olynthum
978 2054 1162 2137 confugisse
1185 2055 1294 2138 ibique
1318 2073 1419 2136 usque
1442 2053 1485 2118 ad
1500 2059 1626 2138 captain

284 2175 393 2239 urbem
425 2176 639 2261 permansisse
665 2176 844 2241 iudicemus
872 2175 987 2241 fratres
1010 2176 1222 2241 Arrhidaeum
1246 2181 1279 2240 ct
1300 2175 1493 2240 Menelaum.
1541 2172 1628 2252 Quo-

286 2296 379 2360 modo
402 2297 500 2380 igitur
521 2296 574 2361 lric
596 2317 670 2363 vere
693 2297 769 2361 anni
793 2301 848 2361 351
878 2318 907 2360 a.
927 2296 1001 2362 Chr.
1034 2297 1085 2378 [cf.
1104 2296 1261 2362 Schaefer
1284 2295 1447 2359 Demostlr.
1466 2296 1498 2359 ΙΙ
1521 2317 1551 2379 p.
1572 2297 1621 2377 70)

284 2417 528 2483 Atheniensium
563 2418 724 2501 equitibus
759 2436 911 2502 praeesse
942 2418 1066 2502 potuit?
1103 2420 1221 2484 Contra
1251 2417 1432 2482 Menelaum
1463 2416 1628 2499 Pelagone

284 2559 354 2602 cum
378 2538 545 2604 'l'imotheo
574 2539 607 2604 in
630 2539 769 2603 Thracia
798 2539 955 2604 militasse
985 2546 1124 2620 certum,
1158 2538 1276 2604 deinde
1299 2544 1355 2603 aut
1377 2558 1448 2602 cum
1472 2537 1628 2622 Cephiso-

284 2659 358 2723 doto
387 2659 420 2722 in
450 2659 659 2745 Hellesponto
686 2667 742 2725 aut
771 2680 841 2724 curn
865 2660 1025 2725 Phocione
1055 2667 1088 2725 et
1109 2659 1301 2725 Charidcmo
1330 2658 1364 2724 in
1393 2657 1499 2742 Mysia
1526 2658 1627 2723 fuisse

284 2779 450 2865 probabile
479 2787 545 2861 est,
576 2788 672 2864 atque
701 2801 739 2846 ea
763 2780 963 2863 condicione,
999 2788 1212 2863 utnusquam
1235 2778 1362 2863 quidem
1386 2798 1544 2844 sunmrum
1567 2779 1628 2842 im-

283 2901 407 2986 perium
430 2908 561 2984 teneret,
589 2901 647 2967 sed
668 2908 776 2968 tamen
799 2901 878 2967 satis
900 2901 992 2985 gravi
1012 2921 1143 2966 munere
1159 2900 1290 2966 militari
1312 2899 1515 2984 fungeretur;
1542 2899 1628 2983 quod

284 3022 402 3107 optimc
435 3023 574 3105 quadrat
605 3023 638 3087 in
672 3022 894 3107 hipparchum.
942 3022 1075 3088 Accedit
1106 3021 1191 3106 quod
1226 3041 1265 3086 ex
1296 3020 1522 3087 Demosthenis
1557 3021 1627 3086 loco

283 3149 434 3228 apparet,
467 3164 552 3208 anuo
575 3147 631 3205 351
667 3164 738 3208 eum
770 3142 930 3226 equitibus
953 3142 1133 3228 praefuisse
1154 3164 1218 3207 non
1239 3142 1350 3227 populi
1374 3142 1538 3226 suffragiis
1561 3143 1629 3207 ele-

284 3270 386 3341 etum;
414 3264 539 3329 ridetur
560 3264 659 3348 igitur
680 3264 723 3329 ab
745 3263 936 3349 imperatore
959 3265 1067 3348 aliquo
1082 3302 1124 3310 —
1144 3263 1246 3328 veluti
1269 3263 1460 3330 Charidemo
1475 3302 1518 3310 -
1533 3283 1629 3348 prae-

284 3385 439 3450 fecturam
463 3385 646 3470 accepisse:
678 3385 764 3467 quud
787 3386 934 3451 convenit
957 3406 1027 3450 cum
1050 3406 1091 3451 ea
1113 3385 1236 3451 ratione
1258 3405 1342 3468 quae
1365 3384 1398 3449 in
1421 3385 1506 3450 bello
1529 3383 1629 3450 Chal-

285 3505 385 3571 cidico
407 3506 555 3570 Menelao
578 3506 732 3589 Pelagoni
763 3526 834 3571 cunr
857 3506 1024 3573 Timotheo
1048 3504 1235 3572 Atheniensi
1265 3512 1412 3590 praetore
1435 3505 1625 3571 intercessit.

284 3627 430 3709 Denique
452 3627 536 3691 inter
557 3627 638 3692 illud
660 3635 801 3712 tempus,
831 3648 895 3710 quo
917 3627 1143 3693 Demosthenis
1166 3626 1267 3692 oratio
1291 3626 1402 3692 habita
1424 3633 1489 3707 est,
1516 3634 1549 3693 ct
1570 3647 1628 3692 ex-

284 3747 479 3832 peditionem
503 3748 672 3812 Phocionis
703 3749 964 3832 collegarumque
992 3749 1025 3813 in
1048 3748 1185 3833 Mysiam
1209 3754 1408 3833 susceptam,
1442 3747 1494 3813 cui
1516 3748 1627 3812 Menc-

285 3870 370 3933 laum
401 3868 587 3933 iuteriuisse
617 3869 782 3953 probabile
813 3877 877 3951 est,
911 3870 965 3934 vix
994 3869 1115 3934 biennii
1145 3869 1285 3953 spatium
1312 3869 1457 3935 interest.
1504 3868 1628 3947 Quibus

284 3990 430 4054 omnibus
459 3989 492 4054 in
521 4010 618 4054 unum
648 3991 792 4056 collectis
815 3990 894 4056 mibi
914 3990 1044 4074 quidem
1068 3989 1149 4054 nihil
1173 3988 1262 4054 dubii
1285 3991 1532 4074 relinqueretur,
1565 3989 1626 4054 nisi

283 4111 423 4175 obstaret
451 4111 636 4193 gravissimi
663 4110 801 4176 auctoris
823 4110 1083 4196 Harpocrationis
1105 4110 1321 4176 testimoninm
1345 4130 1371 4176 s.
1393 4132 1423 4175 ν.
1452 4109 1625 4182 Μενέλαος·

284 4231 480 4316 Δημοσθένης
504 4233 713 4304 Φιλιππικοῖς·
754 4228 882 4318 ἀδελφὸς
906 4231 1057 4296 Φιλίππου
1084 4227 1277 4317 ὁμοπάτριος.
1325 4231 1425 4310 Quem
1450 4231 1479 4296 si
1501 4250 1628 4297 errasse

281 4353 412 4436 quidem
435 4353 682 4436 sumpserimus,
716 4353 803 4418 facili
826 4353 953 4437 negotio
976 4353 1191 4437 explicabitur
1213 4373 1278 4435 qua
1300 4373 1334 4418 re
1357 4351 1390 4417 iu
1413 4372 1551 4417 errorem
1575 4352 1625 4416 in-

283 4475 397 4539 ductus
420 4473 471 4539 sit.
517 4473 642 4558 Nempe
665 4475 831 4539 Menelaus
855 4475 975 4558 Pelago
1005 4494 1075 4539 cum
1106 4491 1263 4556 nusquam
1293 4473 1441 4538 universo
1471 4471 1626 4537 exercitui

282 4597 430 4678 belloque
454 4594 640 4678 praefuerit,
667 4600 915 4660 consentancum
935 4601 995 4675 est,
1021 4593 1054 4658 in
1077 4594 1248 4660 annalibus
1271 4593 1451 4659 Philochori
1474 4592 1628 4658 aliorum-

282 4738 344 4798 quc
355 4716 421 4803 qui
445 4716 514 4780 eius
537 4715 652 4781 aetatis
675 4734 727 4781 res
750 4722 859 4798 gestas
883 4716 1081 4799 scribebant,
1113 4716 1183 4782 eius
1206 4715 1398 4782 mentionem
1423 4714 1541 4780 factam
1564 4735 1625 4779 non

282 4858 365 4903 esse.
414 4838 519 4915 Quare
542 4857 614 4900 cunr
636 4836 829 4901 recentiores
852 4856 925 4900 cum
948 4837 1045 4920 plane
1067 4836 1261 4919 ignorarent,
1288 4836 1438 4920 proclivis
1460 4836 1520 4903 fuit
1539 4858 1627 4903 error

283 4965 314 5023 et
337 4980 431 5041 quem
454 4959 506 5023 rel
529 4957 788 5022 accuratissimus
811 4956 945 5041 scriptor
966 4957 1020 5021 rix
1044 4957 1196 5038 evitaret,
1230 4965 1264 5022 ut
1285 4957 1514 5023 Demosthenis
1536 4959 1626 5024 locus

283 5080 323 5145 de
347 5078 412 5143 alic
427 5078 555 5144 bomine
571 5077 700 5162 aequali
716 5084 748 5143 et
762 5078 951 5162 cognomine
967 5078 1219 5161 intellegeretur,
1238 5078 1427 5162 praesertim
1443 5099 1513 5143 cum
1530 5079 1572 5144 ab
1588 5099 1626 5145 ec
