4206 6248
492 632 533 694 72
1067 628 1103 683 R.
1122 627 1260 684 HIRZEL

489 820 539 886 illi
568 818 688 886 imitari
717 819 909 904 voluissent,
946 815 1052 907 λογική
1083 819 1131 886 111
1161 819 1257 903 longe
1287 818 1355 884 alia
1383 813 1511 884 notione
1537 815 1728 903 accipienda
1756 823 1835 883 erat.

490 941 609 1007 Verum
632 940 717 1007 enirn
748 962 823 1007 vero
854 947 944 1008 tanta
972 939 1084 1007 111111
1113 941 1210 1008 rebus
1239 939 1280 1006 de
1303 939 1418 1006 Stoicis
1446 946 1513 1005 tum
1538 937 1835 1022 111111111111111,

490 1068 526 1128 ut
555 1062 652 1129 etiam
680 1062 862 1129 Aristotelis
889 1063 978 1149 apud
1005 1069 1179 1129 sectatores
1213 1061 1282 1127 eius
1316 1060 1538 1127 auctoritatem
1572 1066 1749 1145 superaret.
1800 1058 1840 1124 Id
1873 1041 1878 1048 ⁵

491 1182 578 1267 quod
606 1183 748 1268 profecto
771 1203 835 1249 non
858 1183 964 1268 magis
986 1183 1101 1250 mirum
1125 1189 1175 1249 est
1196 1203 1292 1266 quam
1314 1182 1401 1266 quod
1426 1181 1512 1247 solos
1535 1180 1602 1247 fere
1625 1179 1749 1246 Stoicos
1770 1187 1838 1246 tum

491 1323 512 1367 1
534 1302 649 1370 ceteris
672 1304 871 1390 philosophis
893 1304 1023 1371 meritos
1046 1323 1118 1371 esse
1140 1309 1275 1384 constat,
1301 1309 1337 1370 11
1358 1301 1520 1374 dialectici
1542 1307 1743 1367 vocarentur.

578 1423 644 1490 Sed
665 1445 706 1491 ne
728 1425 879 1492 inanibus
901 1447 1006 1493 rerum
1029 1425 1194 1492 vocabulis
1217 1423 1457 1510 perscrutandis
1479 1443 1606 1489 omnem
1630 1442 1761 1508 operam
1780 1422 1839 1488 ab·

492 1564 674 1630 sumamus,
715 1546 794 1613 libet
827 1547 1038 1632 epistularum
1071 1545 1203 1613 licentia
1236 1545 1283 1612 uti
1315 1552 1348 1611 et
1379 1545 1476 1630 paulo
1509 1543 1658 1611 liberiore
1691 1562 1784 1609 cursu
1819 1564 1840 1608 1

492 1666 680 1749 quaestione
703 1665 746 1732 ad
768 1668 871 1734 solum
894 1688 1010 1734 nomen
1032 1668 1212 1754 pertinente
1228 1665 1381 1732 adoliam
1405 1665 1551 1749 transire,
1577 1685 1661 1749 quae
1677 1665 1720 1730 ad
1734 1664 1839 1751 ipsam

490 1807 557 1854 rem
581 1793 715 1872 spectat.
762 1788 852 1855 Licet
872 1787 1028 1856 acerrime
1050 1794 1207 1874 repugnet
1228 1785 1415 1869 Antiochus,
1444 1785 1497 1851 hio
1519 1806 1645 1870 quoquo
1668 1786 1754 1852 Zeno
1776 1806 1840 1851 non

490 1908 565 1974 vilis
589 1915 621 1974 et
641 1909 780 1992 ignavus
801 1909 941 1994 priorum
962 1908 1103 1975 imitator
1123 1908 1195 1990 fuit,
1221 1909 1280 1974 sed
1303 1908 1362 1990 eis,
1388 1928 1472 1991 quae
1487 1907 1528 1972 ab
1544 1906 1619 1973 aliis
1636 1906 1771 1992 accepit,
1798 1906 1839 1973 de

491 2049 550 2095 suo
572 2028 696 2113 aliquid
717 2029 852 2096 addidit.
900 2029 1013 2114 Neque
1036 2029 1173 2113 singulis
1196 2029 1340 2115 partibus
1363 2035 1419 2095 aut
1440 2028 1606 2114 particulis
1628 2027 1753 2112 logicae
1775 2027 1839 2092 alio

491 2151 586 2217 modo
601 2150 835 2218 contrectandis
851 2169 924 2217 sese
940 2150 1104 2235 continuit,
1131 2150 1189 2216 sed
1205 2157 1304 2217 totum
1327 2148 1470 2216 habitum
1486 2149 1678 2236 disciplinae
1702 2156 1735 2215 et
1755 2155 1839 2215 tam-

491 2293 587 2358 quam
603 2273 741 2339 colorem
755 2272 945 2339 immutavit.
978 2272 1105 2339 Etenim
1120 2293 1215 2356 quam
1232 2279 1329 2338 anteo
1344 2270 1549 2338 dialecticam
1564 2269 1722 2354 dixerunt,
1743 2270 1839 2354 longe

492 2393 557 2458 alia
580 2400 650 2459 erat
671 2400 704 2460 et
718 2393 834 2479 partim
850 2392 1009 2460 eiusmodi
1024 2393 1120 2460 rebus
1136 2399 1300 2478 occupata,
1327 2411 1408 2477 quas
1424 2393 1511 2458 Zeno
1526 2392 1615 2458 haud
1630 2391 1727 2458 dubie
1741 2397 1837 2456 natu-

491 2514 552 2579 rali
575 2513 799 2600 philosophiae
821 2514 904 2600 parti
923 2513 1106 2580 vindicasse
1122 2512 1303 2580 censendus
1319 2520 1380 2580 est.
1420 2513 1510 2592 Quae
1526 2519 1633 2579 autem
1649 2512 1838 2578 Aristoteles

489 2634 588 2701 variis
603 2635 849 2720 analyticorum,
875 2635 1049 2721 topicorum
1065 2634 1141 2701 aliis
1161 2634 1343 2700 nominibus
1365 2632 1566 2717 distinxerat,
1592 2654 1632 2700 ea
1646 2635 1733 2700 Zeno
1755 2639 1839 2698 111-

490 2755 551 2822 1111
579 2757 753 2823 maximam
782 2764 906 2842 partem
935 2757 968 2821 in
991 2776 1083 2822 suum
1106 2776 1199 2822 usum
1222 2754 1418 2822 convertisse
1440 2754 1603 2840 putandus
1633 2762 1700 2838 est,
1731 2761 1838 2821 tamen

490 2878 555 2943 alio
583 2878 653 2943 loco
683 2878 791 2963 posuit
816 2878 980 2962 aliamque
1002 2877 1050 2944 eis
1073 2884 1219 2943 naturam
1242 2896 1281 2942 11
1303 2875 1493 2960 dignitatem
1515 2875 1628 2942 tribuit
1649 2876 1695 2942 ita
1717 2884 1752 2943 ut
1774 2896 1839 2942 non

491 2999 584 3064 utilia
612 2999 664 3064 111
694 2998 776 3066 adeo
805 2999 990 3066 1111111111
1016 2998 1058 3064 ad
1088 3005 1195 3065 cetera
1217 2997 1372 3065 discenda
1392 2996 1551 3064 iudicaret
1572 2995 1631 3063 sed
1653 2997 1734 3063 11111
1755 3017 1838 3082 quae

491 3119 561 3185 solo
588 3140 646 3205 per
675 3139 710 3186 se
738 3127 771 3186 et
798 3121 948 3186 absoluta
975 3120 1180 3205 disciplinam
1209 3119 1406 3204 singularem
1432 3118 1606 3185 efficerent.
1653 3118 1747 3186 Unde
1769 3139 1839 3184 ma-

490 3240 659 3332 gistrorum
683 3242 866 3326 exemplum
896 3241 1050 3308 aemulati
1072 3240 1224 3326 discipuli
1245 3240 1449 3326 Peripatetici
1472 3247 1505 3306 11
1526 3239 1626 3306 Stoici
1649 3239 1690 3305 de
1712 3239 1839 3323 logicae

491 3361 543 3427 vel
573 3361 763 3428 dialecticae
788 3362 821 3428 vi
848 3382 887 3428 ac
916 3368 1075 3449 potestate
1104 3361 1257 3429 acerrime
1285 3361 1368 3428 inter
1395 3382 1430 3429 se
1460 3381 1605 3447 pugnare
1633 3366 1837 3428 consuerunt.

492 3482 559 3549 Sed
587 3483 669 3549 haec
698 3483 827 3549 abunde
856 3491 931 3550 nota
963 3504 1067 3569 paene
1096 3483 1197 3569 pudet
1225 3502 1501 3551 commemorasse.
1554 3483 1606 3549 Ad
1635 3483 1702 3548 alia
1729 3488 1837 3548 tamen

491 3624 550 3669 nos
572 3603 737 3670 deducunt
758 3611 791 3669 et
812 3625 852 3670 ea
873 3603 916 3670 ad
938 3625 1021 3689 quae
1043 3603 1184 3670 nondum
1206 3605 1322 3688 quibus
1344 3604 1458 3671 harum
1481 3625 1585 3671 rerum
1608 3624 1685 3670 cura
1700 3610 1750 3671 est
1766 3602 1839 3668 111-

491 3743 560 3790 111
588 3723 766 3791 advertisse
795 3724 973 3792 videantur.
1022 3726 1065 3792 Ut
1095 3726 1180 3792 enim
1210 3725 1344 3792 flumina
1371 3746 1435 3809 quo
1457 3725 1606 3812 propiora
1627 3725 1743 3810 origini
1765 3732 1840 3792 sunt

491 3866 529 3913 eo
551 3845 671 3911 maiore
694 3845 798 3912 solent
819 3846 940 3932 impetu
962 3846 1054 3930 ferri,
1089 3847 1208 3914 deinde
1237 3848 1336 3914 multo
1364 3846 1510 3914 sedatius
1539 3848 1687 3932 lapsura,
1720 3846 1767 3912 ita
1789 3846 1840 3913 in-

490 3973 639 4033 ventores
661 3987 767 4033 rerum
788 3974 898 4033 notum
921 3973 972 4034 est
992 3968 1131 4035 inventis
1153 3969 1222 4036 suis
1245 3988 1343 4055 saepe
1358 3969 1492 4049 nimium
1506 3969 1658 4052 tribuere,
1684 3968 1752 4035 sive
1769 3989 1838 4036 cer-

491 4088 572 4154 tiora
600 4107 640 4154 11
667 4087 802 4155 credunt
828 4109 924 4172 quam
955 4109 1089 4156 revera
1112 4097 1186 4156 1111
1211 4090 1281 4157 1111
1304 4091 1348 4157 ad
1369 4091 1463 4177 plura
1485 4096 1632 4177 spectare
1654 4089 1839 4157 existimant

492 4217 524 4275 et
553 4209 651 4275 latius
678 4207 770 4274 fundi
800 4229 896 4292 quam
925 4184 1004 4296 ipsa*
1018 4231 1131 4296 ,rerum
1160 4218 1275 4278 natura
1301 4210 1458 4297 concedit.
1505 4211 1620 4294 Neque
1642 4213 1684 4278 ab
1706 4211 1768 4277 hac
1788 4212 1839 4278 in-

491 4329 641 4396 firmitate
663 4329 764 4396 animi
786 4330 874 4397 Zeno
897 4331 1023 4398 videtur
1044 4331 1127 4398 liber
1148 4331 1260 4399 fuisse.
1300 4334 1380 4399 Cum
1401 4333 1486 4399 enim
1509 4339 1619 4399 contra
1632 4333 1838 4400 Aristotelem

491 4450 647 4518 niteretur
675 4458 709 4517 11
739 4451 973 4518 demonstraret
1001 4452 1139 4537 logicam
1169 4474 1233 4519 non
1262 4454 1377 4520 ceteris
1404 4453 1585 4541 disciplinis
1607 4455 1840 4538 cognoscendis

492 4572 646 4639 inservire
670 4570 729 4638 sed
750 4571 855 4658 ipsam
878 4593 935 4658 per
958 4592 993 4640 se
1015 4574 1211 4660 peculiarem
1239 4575 1443 4661 disciplinam
1465 4581 1613 4660 exstare,
1645 4596 1683 4642 eo
1712 4577 1840 4644 videtur

491 4693 617 4778 logicae
646 4693 834 4761 liberandae
855 4693 962 4760 studio
990 4714 1180 4780 progressus
1203 4716 1292 4780 esse,
1325 4703 1361 4763 ut
1389 4717 1431 4763 ex
1457 4696 1544 4762 omni
1565 4717 1637 4764 eam
1660 4705 1838 4767 ceterarum

493 4814 714 4881 communione
745 4815 884 4882 solveret
911 4836 1016 4899 neque
1044 4816 1146 4883 ullum
1173 4817 1257 4885 inter
1279 4818 1363 4884 hanc
1385 4825 1417 4885 et
1441 4817 1517 4883 illas
1539 4839 1658 4885 nexum
1680 4820 1838 4905 reliquum

492 4935 624 5002 laceret.
667 4935 893 5003 Incredibilem
909 4957 976 5003 rem
999 4937 1111 5004 videor
1126 4938 1175 5005 eis
1189 4960 1331 5022 narrare,
1358 4939 1475 5022 quibus
1492 4958 1550 5005 suo
1571 4939 1642 5006 iure
1658 4961 1711 5007 ars
1734 4944 1839 5027 logica

492 5064 671 5123 ceterarum
693 5057 833 5124 omnium
857 5057 1099 5146 disciplinarum
1122 5060 1365 5126 fundamentum
1393 5060 1541 5127 habetur:
1583 5068 1690 5129 tamen
1713 5071 1748 5130 ut
1770 5085 1839 5131 111-
