4118 6240
486 702 698 793 HIERONYMI
716 703 851 759 RHODII
868 701 1137 758 PERIPATETICI
1155 700 1390 758 FRAGMENTA
1569 703 1610 766 95

265 890 385 980 ἑαυτήν,
420 888 460 967 ῶς
483 895 576 980 δῆθεν
599 892 652 980 την
668 890 806 980 Ἕκοίτην
830 898 864 960 ἐκ
886 892 991 959 τούτου
1015 897 1165 959 λυποῦσα·
1198 892 1250 957 καί
1272 889 1291 979 ἡ
1314 892 1462 979 παροιμία
1484 888 1614 978 ἐπεκρό-

265 1039 354 1101 τησεν
376 1014 425 1079 ἐπί
448 1020 507 1080 τῶν
530 1017 647 1089 ἑαυτοῖς
672 1011 872 1103 ἐπιφερόντων
895 1011 986 1080 κακοί.
1027 1015 1078 1081 Οί.
1097 1015 1214 1081 Suidas
1237 1014 1357 1100 κίνησον
1379 1010 1429 1078 τόν
1451 1009 1610 1100 όνόχυρονε

265 1133 282 1200 δ
305 1132 446 1224 όνόχυρος
469 1134 548 1210 εἶδος
571 1132 724 1222 λυηοίδους
747 1142 851 1224 φυτοῦ.
898 1131 970 1202 όθεν
994 1139 1081 1222 δηλοῖ
1103 1130 1149 1200 ότι
1170 1133 1223 1209 τὰς
1247 1132 1390 1222 μάστιγας
1413 1134 1545 1220 κίνησον.

352 1379 391 1443 V.
424 1379 499 1444 Alb.
521 1379 599 1444 XIV
629 1400 660 1464 p.
688 1379 792 1444 635F
823 1374 1002 1467 Ἱερώνυμος
1034 1375 1061 1442 δ’
1097 1381 1137 1444 ἐν
1168 1383 1217 1466 τῷ
1245 1377 1334 1465 περί
1363 1380 1610 1465 κιθαρῳδῶν,

265 1493 360 1587 ’ὅπερ
383 1499 465 1566 ἐστί
488 1501 663 1585 πέμπτον
689 1500 776 1588 περί
798 1505 989 1586 ποιητῶν,
1016 1495 1093 1565 κατὰ
1110 1502 1280 1586 Λυκοδρηον
1304 1496 1352 1563 τόν
1375 1500 1542 1584 νομοθέτην
1565 1493 1614 1561 τόν

266 1616 455 1707 Τέρπανδρόν
479 1647 553 1708 φησι
574 1622 726 1708 γενέσθαι.

353 1742 403 1808 De
426 1742 604 1828 Terpandri
634 1748 741 1809 aetate
770 1743 835 1808 iam
865 1751 940 1809 ante
962 1743 1192 1827 Hieronymum
1217 1741 1325 1808 variae
1355 1741 1499 1827 prolatae
1525 1748 1616 1806 erent

268 1863 452 1948 opiniones,
486 1884 620 1948 quarum
650 1870 798 1930 auctores
828 1864 944 1948 quibus
973 1863 1171 1948 argumentis
1194 1862 1243 1929 usi
1267 1863 1332 1928 sint
1353 1883 1416 1929 non
1438 1861 1518 1928 satis
1541 1881 1617 1946 per-

267 1984 412 2069 spicuum
434 1990 496 2050 est.
542 1985 644 2051 Clem,
666 1985 718 2050 Al.
738 1986 853 2052 Strom.
873 1986 888 2050 Ι
906 1989 962 2049 131
984 1979 1165 2058 Ἑλλάνικος
1186 1988 1257 2071 χοῶν
1279 1987 1382 2048 τοῦτον
1407 1985 1517 2071 ίστορεῖ
1538 1980 1616 2048 κατὰ

270 2104 371 2171 Μίδαν
400 2107 569 2193 γεγονέναι,
602 2107 720 2180 Φανίας
750 2106 784 2171 δὲ
810 2104 868 2195 πρὸ
897 2101 1090 2194 Τερπάνδρου
1117 2105 1211 2179 τιθείς
1243 2107 1364 2193 [λέσχην
1392 2102 1442 2170 τόν
1472 2105 1613 2192 Λέσβιον,

264 2223 442 2315 Ἀρχιλόχου
464 2225 609 2315 νεώτερον
633 2229 719 2315 φέρει
739 2222 789 2293 τόν
810 2226 1012 2316 Τέρπανδρον.
1059 2228 1142 2293 Plus
1162 2227 1202 2293 (le
1224 2231 1344 2292 musi
1372 2224 1551 2311 (Wcstphal
1573 2225 1617 2290 ad

271 2348 355 2413 Plut.
382 2348 422 2413 de
445 2368 529 2414 mus.
550 2369 583 2433 p.
602 2351 655 2413 68.
697 2347 735 2415 Ο.
754 2350 871 2415 Lcewc
893 2349 934 2414 de
957 2348 1138 2435 Terpandri
1160 2355 1267 2415 aetate
1290 2368 1322 2432 p.
1345 2351 1392 2431 15)
1419 2342 1617 2435 πρεσβύτερον

269 2474 340 2554 χοῶν
370 2465 458 2534 αὐτόν
480 2446 657 2557 Ἀρχιλόχου
684 2465 846 2557 ἀποφαίνει
869 2468 1003 2543 Γλαῦκος
1026 2465 1042 2534 ό
1065 2470 1096 2542 ἐξ
1122 2466 1250 2542 Ἰταλίας
1278 2470 1309 2533 ἐν
1337 2464 1546 2555 συγγράμματι
1574 2474 1618 2554 τῷ
1704 2522 1707 2529 .

268 2589 337 2677 περί
359 2593 419 2654 τῶν
443 2586 580 2677 ἀρχαίων
602 2596 731 2676 ποιητῶν
753 2591 859 2656 τεκαὶ
883 2595 1042 2677 μουσικῶν.
1090 2590 1164 2678 φησί
1194 2586 1252 2677 γὰρ
1282 2585 1370 2656 αὐτόν
1401 2585 1538 2676 δεύτερον
1566 2615 1618 2676 χε-

269 2713 378 2777 νέσθαι
401 2707 476 2798 μετὰ
497 2707 565 2784 τοὺς
586 2709 722 2799 πρώτους
743 2708 927 2798 ποιήσαντας
951 2709 1116 2799 αόλιρδίαν.
1157 2717 1175 2776 5
1201 2706 1275 2796 μετὰ
1297 2709 1331 2775 δὲ
1353 2708 1543 2798 Τέρπανδρον
1566 2709 1617 2775 καί

272 2829 390 2898 Κλονᾶν
424 2829 600 2920 Ἀρχίλοχος
636 2832 836 2920 παραδίδοται
871 2834 1023 2919 γενέσθαι.
1086 2832 1136 2898 Cf.
1176 2852 1326 2898 marmor.
1363 2832 1433 2896 Par.
1475 2851 1527 2916 ep.
1561 2835 1614 2896 34.

270 2954 499 3038 Hieronymum
515 2954 664 3021 Loewius
691 2958 733 3040 lp.
754 2956 803 3038 18)
830 2961 1001 3040 propterea
1016 2955 1199 3039 Lycurgum
1222 2959 1254 3018 ct
1268 2952 1489 3037 Terpandrum
1512 2959 1618 3018 aetete

270 3074 353 3141 inter
382 3093 417 3140 se
447 3075 635 3142 coniunctos
663 3074 866 3160 perhibuisse
889 3075 1076 3156 arbitratur,
1110 3073 1187 3156 quia
1208 3072 1429 3158 Terpandrum
1452 3073 1618 3141 Lacedae-

222 3266 225 3273 ,
270 3196 447 3262 moniorum
477 3196 605 3280 legibus
634 3216 716 3280 quae
746 3195 886 3281 Lycurgi
915 3195 1107 3262 haberentur
1139 3193 1252 3261 modos
1285 3201 1415 3280 aptasse
1448 3215 1617 3281 perperam

271 3317 446 3384 statuisset.
500 3317 654 3401 Legimus
683 3337 763 3383 sane
791 3317 877 3402 apud
906 3317 1103 3383 Clementem
1133 3317 1248 3381 Strom.
1278 3317 1295 3380 Ι
1322 3319 1362 3381 78
1396 3316 1485 3401 μέλος
1519 3341 1551 3381 τε
1579 3308 1620 3381 αό

270 3444 386 3525 πρῶτος
415 3439 579 3525 περιέθηκε
604 3440 665 3511 τοῖς
686 3435 836 3525 ποιήμασι
857 3437 908 3504 καί
931 3434 1000 3512 τοός
1023 3437 1268 3523 Λακεδαιμονίων
1291 3432 1398 3522 νόμους
1420 3438 1620 3524 ἐμελοποίησε

272 3558 462 3647 Τέρπανδρος
484 3554 500 3624 ‘o
521 3556 710 3633 Ἀντισσαῖος.
751 3559 815 3625 Sed
831 3559 915 3626 bunc
931 3581 1079 3642 errorem,
1105 3580 1199 3644 quem
1215 3579 1255 3625 ex
1278 3576 1432 3645 perversa
1453 3579 1618 3625 nemorum

271 3680 532 3766 interpretatione
555 3689 655 3746 ortum
682 3701 754 3747 esse
775 3681 844 3747 veri
867 3680 1065 3748 simillimum
1087 3687 1151 3762 est,
1165 3679 1305 3764 (Nitzseb
1328 3680 1368 3748 de
1390 3680 1465 3746 hist.
1491 3680 1619 3744 chr.l

273 3822 304 3886 p.
324 3805 390 3887 32),
420 3822 491 3866 eam
514 3801 619 3886 ipsam
642 3802 682 3867 ob
705 3822 834 3868 eausam
858 3802 1046 3888 Hieronymi
1068 3808 1173 3870 aetate
1196 3803 1404 3886 posteriorem
1427 3821 1501 3869 esse
1523 3808 1620 3887 puta-

272 3922 384 3988 verim.
438 3923 552 4005 Neque
581 3922 709 3988 omnino
733 3943 814 4009 opus
847 3930 897 3989 est
929 3923 988 3989 illa
1020 3925 1217 4004 coniectura3
1254 3923 1288 3988 in
1323 3944 1361 3989 eo
1394 3923 1496 4006 enim,
1533 3922 1620 4007 quod

273 4042 441 4126 Lycurgus
463 4044 622 4108 turbatam
646 4044 971 4110 lnaoedaemoniorunr
995 4044 1156 4110 civitatem
1179 4046 1305 4129 legibus
1325 4043 1512 4127 restituisse,
1538 4046 1619 4110 Ter-

272 4165 395 4248 pander
416 4164 519 4229 modis
536 4172 568 4230 et
582 4164 719 4230 canendi
735 4171 804 4230 arte
820 4164 1076 4249 carminibusque
1098 4167 1252 4231 bonarum
1268 4166 1498 4231 sententiarum
1514 4166 1620 4250 plenis

272 4284 461 4351 seditionem
486 4286 621 4370 Spartae
645 4271 776 4351 sedasse
800 4285 977 4370 serebatur,
1010 4307 1141 4352 carrsam
1165 4287 1244 4352 satis
1265 4286 1415 4353 idoneam
1436 4287 1544 4352 inesse
1567 4307 1621 4352 ar-

273 4406 380 4487 bitror,
408 4426 490 4488 quae
513 4406 671 4471 bominem
695 4407 736 4471 ab
755 4415 906 4505 accurata
921 4408 989 4474 veri
1012 4408 1259 4490 investigatione
1274 4408 1415 4474 alienum
1430 4408 1472 4473 ad
1487 4408 1620 4473 duorum

187 4517 189 4519 ¹
274 4527 411 4594 virorum
432 4534 576 4612 tempora
592 4527 819 4611 coniungenda
840 4529 1007 4614 impellere
1029 4528 1183 4615 potuerit:
1222 4528 1266 4594 ef.
1288 4529 1372 4594 Plut.
1398 4550 1429 4595 ν.
1447 4529 1562 4614 Agidis
1581 4533 1620 4594 10

274 4646 339 4713 ἐπεί
362 4644 552 4735 Τέρπανδρόν
575 4649 680 4714 τεκαὶ
704 4646 829 4735 Θάλητα
851 4650 903 4716 καὶ
926 4646 1100 4738 Φερεκύδην
1124 4651 1221 4722 ξένους
1243 4641 1341 4731 ὄντας,
1366 4641 1427 4716 ότι
1452 4647 1494 4715 τὰ
1525 4646 1621 4716 αὐτὰ

273 4773 323 4858 τῷ
346 4764 557 4857 Λυκούργῳ
580 4771 782 4836 διετέλουν
806 4763 971 4857 ᾅδοντες
994 4770 1055 4837 καί
1078 4775 1408 4859 φιλοσοφοῦντες,
1441 4775 1472 4837 ἐν
1496 4768 1619 4860 Σπάρτη

273 4893 441 4979 τιμηθῆναι
474 4888 688 4980 διαφερόντως.
746 4891 940 4975 Diligentius
973 4891 1014 4958 dc
1042 4891 1223 4977 Terpandri
1256 4899 1363 4958 aetate
1396 4891 1563 4976 inquisivit
1592 4894 1621 4960 is

275 5013 495 5098 scriptorque
517 5033 596 5080 usus
619 5020 668 5079 est
682 5011 868 5078 Athenaeus
891 5012 914 5076 l.
933 5033 961 5078 e.
985 5011 1037 5094 (ct.
1055 5012 1167 5080 Robde
1189 5012 1230 5080 de
1245 5014 1327 5078 Poll.
1353 5013 1386 5078 in
1408 5035 1483 5099 app.
1509 5035 1619 5082 scaen.

276 5154 381 5202 enarr.
401 5134 480 5201 sont.
499 5155 531 5223 p.
545 5137 586 5199 48
599 5137 660 5220 sq.)
686 5127 733 5199 ότι
755 5132 788 5198 δὲ
811 5129 862 5198 καί
878 5131 1069 5220 Τέρπανδρος
1093 5130 1288 5222 ἀρχαιότερος
1303 5131 1508 5223 Ἀνακρέοντος
1530 5138 1622 5227 δῆλον
