4206 6248
706 667 756 722 DE
774 664 914 722 LOGIOA
932 665 1145 722 STOICORUM
1555 665 1596 727 65

253 856 304 922 sit.
352 856 392 922 Iit
413 857 589 941 logicorum
613 858 741 942 quidem
764 857 1015 943 propositionum
1038 857 1108 942 ipse
1124 857 1314 923 Aristoteles
1337 855 1519 941 exemplum
1541 875 1599 919 ex-

252 976 355 1043 hibuit
377 999 465 1062 eam,
491 999 556 1063 qua
578 977 778 1063 disceptatur
800 984 904 1044 utrum
928 978 1154 1043 contrariorum
1178 998 1242 1043 una
1265 978 1441 1060 eadeurqne
1465 974 1601 1040 scientia

253 1098 295 1164 sit
309 1119 422 1165 necne.
462 1099 575 1183 Neque
598 1100 698 1165 ullum
714 1099 871 1165 illustrius
887 1118 959 1165 esse
974 1099 1077 1184 potnit
1091 1098 1134 1164 ad
1150 1098 1403 1181 intellegendum
1420 1096 1470 1163 his
1486 1095 1600 1180 logicis

254 1220 525 1305 propositionibus
540 1242 603 1287 non
618 1220 711 1306 quasi
727 1220 888 1304 quandam
904 1220 1120 1305 prolusionem
1136 1219 1205 1285 lieri
1220 1220 1264 1286 ad
1276 1218 1486 1305 posteriorum
1498 1224 1600 1283 artem

256 1341 406 1424 logicam.
454 1342 537 1407 Nam
565 1343 624 1407 illa
647 1341 687 1408 de
710 1341 865 1407 scientiae
888 1348 1002 1406 natura
1024 1342 1170 1424 quaestio
1193 1362 1296 1426 neque
1320 1361 1360 1407 ea
1381 1346 1431 1406 est
1451 1359 1535 1422 qnae
1558 1335 1600 1402 ad

256 1461 393 1546 logicam
417 1462 575 1547 pertineat
597 1462 722 1548 etipse
745 1462 952 1545 Aristoteles,
986 1462 1247 1546 quotiescumque
1270 1462 1304 1527 in
1326 1460 1505 1547 Analyticis
1527 1479 1599 1545 earn

155 1666 161 1677 ·
253 1583 374 1666 tangit,
400 1583 434 1648 id
456 1583 503 1649 ita
525 1583 603 1649 iacit
625 1590 661 1649 ut
682 1584 864 1669 exemplum
888 1583 930 1648 ad
953 1582 1129 1648 doctrinam
1153 1583 1295 1666 aliquam
1318 1580 1542 1648 illustrandam
1565 1599 1601 1645 se

254 1704 370 1770 afferre
392 1705 534 1770 voluisse
556 1711 723 1791 appareat,
753 1725 817 1769 non
840 1725 906 1769 rem
930 1724 1178 1770 commemorare
1201 1725 1283 1789 quae
1305 1704 1339 1768 in
1360 1703 1467 1789 ipsum
1491 1703 1599 1768 orbem

255 1825 633 1910 comprehensionemque
672 1826 905 1910 analyticorum
940 1825 1036 1891 cadat
1047 1827 1081 1910 ¹).
1137 1827 1276 1892 Tantum
1310 1824 1409 1908 igitur
1441 1825 1534 1890 abest
1566 1827 1602 1888 ut

255 1966 365 2011 verum
394 1946 437 2012 sit
465 1947 550 2029 quod
579 1947 736 2013 Waitzins
765 1947 811 2013 ait
842 1946 987 2031 intellegi
1014 1947 1146 2031 saltem,
1179 1945 1449 2030 quemadmodum
1478 1964 1518 2010 ex
1548 1963 1598 2026 ea,

256 2086 351 2148 quam
381 2067 470 2152 apud
492 2068 696 2137 Aristotelem
726 2069 839 2152 habet,
871 2069 997 2134 notione
1026 2064 1144 2155 λογικός
1174 2068 1365 2135 vccabulum
1388 2067 1421 2132 in
1444 2063 1603 2153 posterio-

256 2207 322 2252 rem
344 2188 523 2272 transierit,
554 2196 650 2255 utne
673 2189 805 2273 cogitari
827 2189 956 2273 quidem
979 2189 1012 2255 id
1036 2190 1148 2275 possit.
1195 2190 1279 2255 Nam
1303 2189 1357 2273 qui
1379 2187 1422 2253 ad
1443 2187 1602 2253 Aristote-

256 2307 320 2373 lem
354 2327 389 2374 se
419 2309 637 2395 adplicuerat,
675 2331 747 2375 cum
780 2316 867 2375 certa
899 2310 963 2375 iarn
993 2331 1032 2376 ac
1060 2309 1193 2377 delinita
1226 2310 1353 2375 notione
1386 2309 1447 2375 hoc
1480 2311 1603 2395 λογικῗς

256 2431 447 2496 vocabulum
477 2431 657 2516 praeditum
688 2431 840 2513 vidisset,
873 2451 1046 2515 numquam
1076 2451 1176 2497 ausus
1206 2438 1294 2498 esset
1322 2409 1436 2497 noveru
1460 2430 1602 2514 aliquam

256 2551 416 2617 notionem
445 2552 550 2618 eidem
580 2553 736 2619 vocabulo
765 2552 947 2619 obtrudere.
993 2553 1100 2631 Quare
1123 2553 1329 2639 Peripatetici
1359 2552 1386 2618 si
1409 2572 1525 2617 nomeu
1553 2549 1603 2614 illi

257 2671 448 2758 disciplinae
481 2673 559 2739 dare
588 2662 783 2758 voluisseut,
819 2673 910 2739 aliud
941 2674 1029 2740 haud
1058 2674 1156 2740 dubie
1187 2674 1380 2758 elegissent,
1416 2671 1502 2755 quod
1530 2691 1601 2736 curu

259 2793 438 2860 Aristotelis
460 2796 512 2860 rel
534 2794 738 2880 philosophia
760 2794 812 2860 vel
834 2795 987 2878 loquendi
1010 2815 1069 2860 usn
1092 2795 1208 2861 melius
1231 2796 1423 2861 conveniret.

344 2915 410 2980 Sed
438 2915 518 2981 talia
541 2923 575 2982 ut
596 2916 629 2980 in
659 2936 749 2982 mera
778 2914 960 3007 coniectura
981 2916 1087 3002 posita
1108 2917 1198 2982 nulla
1219 2915 1471 2982 testimoniorum
1495 2920 1603 2980 aucto-

258 3035 351 3101 ritate
380 3036 566 3102 confirmata
594 3044 669 3103 sunt
698 3037 752 3122 qui
782 3037 874 3102 nihili
904 3037 1026 3103 faciant
1054 3043 1086 3102 et
1108 3044 1143 3103 ut
1165 3037 1253 3103 venti
1280 3036 1410 3103 flatibus
1433 3036 1535 3101 nubes
1557 3035 1604 3100 ita

259 3155 339 3222 haec
361 3157 468 3222 omnia
491 3179 553 3223 uno
569 3158 696 3224 Boethii
717 3158 898 3223 testimonio
920 3158 1113 3224 arbitrentur
1135 3158 1297 3244 dissipari.
1342 3158 1384 3222 Hi
1407 3157 1504 3222 velim
1528 3155 1604 3220 dili-

256 3277 384 3359 gentius
413 3279 515 3364 ipsius
537 3279 664 3345 Boethii
695 3279 793 3345 verba
819 3279 999 3365 inspiciant.
1047 3281 1131 3345 Nam
1160 3282 1281 3366 λογικῆς
1310 3299 1428 3345 nornen
1457 3277 1603 3362 discipli-

258 3418 319 3463 nae
350 3399 425 3464 huic
453 3400 604 3467 tribuisse
626 3401 856 3486 Peripateticos
881 3400 959 3466 dicit
979 3421 1083 3484 neque
1106 3408 1214 3467 tamen
1237 3400 1328 3466 addit
1349 3419 1404 3466 eos
1427 3399 1462 3464 id
1484 3398 1604 3484 primos

258 3517 384 3585 fecisse.
432 3521 475 3587 At
506 3521 593 3588 dicet
624 3521 743 3605 aliquis
776 3542 839 3586 uon
869 3520 910 3588 de
942 3521 1164 3606 Peripateticis
1194 3521 1228 3587 in
1257 3521 1440 3587 uuiversum
1475 3519 1533 3585 sed
1563 3519 1604 3584 de

259 3640 421 3706 veteribus
448 3648 571 3709 tantum
601 3643 687 3728 loqui
710 3643 892 3709 Bobtbium.
939 3642 999 3708 Cui
1029 3642 1230 3728 respondebo
1260 3650 1386 3708 veteres
1411 3664 1431 3707 a
1454 3640 1600 3723 Boethio,

259 3759 351 3824 ouius
379 3761 446 3827 rita
475 3764 558 3829 ultra
582 3764 707 3830 initium
738 3763 821 3830 sexti
843 3770 916 3848 post
937 3763 1100 3829 Christum
1123 3763 1245 3830 saeculi
1267 3765 1392 3850 prolata
1414 3763 1472 3845 sit,
1506 3762 1602 3828 etiam

260 3900 315 3945 eos
344 3882 455 3947 baberi
484 3885 645 3969 potuisse,
679 3906 811 3969 quorum
841 3885 907 3950 vita
934 3885 1020 3950 intra
1041 3885 1135 3970 primi
1164 3884 1286 3951 saeculi
1308 3884 1390 3950 lines
1413 3883 1601 3950 substiterit.

259 4001 327 4066 lam
358 4023 433 4068 vero
463 4003 489 4068 si
518 4005 712 4090 posteriores
739 4012 862 4072 tantum
893 4006 1121 4091 Peripateticos
1152 4008 1272 4094 λογικῆς
1302 4027 1418 4071 nomeu
1448 4024 1603 4090 usurpare

260 4122 347 4191 illius
369 4125 553 4191 testimonio
577 4127 775 4212 probaretur,
800 4127 880 4191 nihil
903 4145 1033 4212 prorsus
1056 4127 1130 4193 hinc
1152 4129 1193 4194 de
1216 4101 1338 4212 origiue
1354 4129 1450 4193 huius
1465 4126 1602 4191 nominis

259 4246 478 4312 concludendo
511 4246 700 4313 efficeretur.
748 4246 873 4325 Quibus
902 4249 985 4314 bene
1015 4249 1225 4315 consideratis
1255 4250 1282 4314 si
1313 4271 1375 4315 non
1405 4248 1600 4332 infringitur,

258 4365 435 4432 infirmatur
456 4375 563 4434 tamen
588 4368 712 4434 llolttbii
734 4369 919 4435 auctoritas.
966 4370 1061 4454 Atqui
1083 4371 1165 4436 lraec
1188 4392 1252 4435 una
1273 4379 1339 4453 est,
1365 4391 1447 4455 quae
1470 4369 1605 4453 Peripa-

348 4591 365 4661 ¹)
385 4593 447 4648 Uno
465 4595 551 4649 liceat
570 4591 686 4662 defungi
700 4595 838 4664 exemplo,
859 4596 935 4665 quod
948 4597 977 4650 in
989 4593 1150 4665 Aualyticis
1163 4597 1308 4651 Prioribus
1322 4601 1416 4651 exstat
1428 4597 1441 4650 l
1453 4613 1480 4666 p.
1496 4597 1542 4647 24³
1555 4596 1582 4645 tl
1597 4616 1602 4647 :

259 4679 380 4748 πρότασις
399 4683 446 4749 μὲν
466 4681 510 4734 οὖν
529 4680 581 4733 ἐστὶ
598 4679 674 4752 λόγος
693 4683 866 4753 παταρατιιιὸς
881 4681 901 4752 ἢ
920 4682 1078 4754 drepanum
1094 4685 1160 4742 τινὸς
1178 4684 1245 4737 κατά
1261 4703 1337 4742 τινος.
1376 4682 1450 4741 οὗτος
1476 4682 1504 4735 δὲ
1520 4681 1538 4752 ἦ
1557 4693 1605 4735 trc-

260 4763 339 4817 ὑόλον
358 4765 375 4836 ἦ
395 4766 421 4819 ἐν
441 4767 512 4837 μέρει
530 4765 547 4837 ἢ
566 4767 716 4840 α’ὑιὺριστος.
747 4768 814 4840 λέγω
833 4768 861 4822 ὑὲ
879 4769 994 4823 sertulae
1014 4772 1060 4839 μὲν
1078 4771 1107 4824 rb
1125 4772 1199 4824 παντὶ
1216 4770 1233 4840 ἢ
1254 4772 1344 4842 μηδενὶ
1362 4771 1494 4846 ὑπάρχειν,
1517 4771 1544 4823 ἐν
1558 4771 1606 4840 μέ·

259 4868 295 4920 ριι
314 4851 342 4904 ὑὲ
359 4853 387 4906 τὸ
405 4853 452 4906 τινὶ
470 4851 487 4922 ἢ
508 4855 544 4925 μὴ
563 4852 645 4924 τινλῆ
685 4855 795 4927 quarti
812 4854 950 4930 ὑπάρχειν,
978 4856 1118 4927 ἀδιόριστον
1144 4858 1172 4911 ὑὲ
1196 4859 1224 4911 τὸ
1248 4857 1405 4932 ὑπάρχεινῆ
1426 4859 1462 4929 μὴ
1481 4857 1606 4930 ὑπάρχειν

258 4936 318 4990 ἄνευ
341 4945 387 4993 τοῦ
409 4939 523 4994 καθόλου
548 4939 566 5011 ἢ
590 4942 657 4995 κατὰ
680 4943 771 5015 μέρος,
801 4941 854 4995 οἷον
879 4944 907 4995 τὸ
925 4952 976 4995 τῶν
995 4942 1114 4996 ἐναντίων
1133 4944 1262 5012 εἶναιτὴν
1282 4945 1360 5014 αὐτὴν
1378 4945 1523 5016 ἐπιστήμην
1541 4942 1559 5012 ἢ
1578 4944 1607 4996 rb

257 5025 304 5096 τὴν
322 5027 419 5099 ἡδονὴν
438 5029 475 5100 μὴ
495 5029 558 5082 εἶναι
577 5027 682 5101 ἀγαθόν.
716 5028 800 5083 ΡΙιιιιι
818 5030 1014 5099 suppeditabit
1031 5030 1207 5085 Hermannus
1226 5031 1325 5086 Bonita
1344 5032 1372 5086 in
1391 5030 1488 5086 Iudice
1500 5049 1526 5101 p.
1544 5033 1607 5082 tlte

262 5114 293 5164 13
306 5129 367 5184 sqq.

1383 5225 1398 5274 5
