4118 6240
567 629 613 685 W.
633 628 799 686 GURLI'l'T
818 629 869 683 DE
888 628 995 685 FORIS
1015 627 1253 684 ATllENARUM
1525 629 1583 691 149

235 820 432 903 argumentis
461 819 510 884 illi
537 818 680 885 vicorum
703 818 898 884 urbanorum
919 816 1023 884 flexus
1046 837 1282 902 nonnumquam
1306 817 1501 901 labyrinthei
1525 817 1583 883 de-

235 940 325 1014 lendi
347 947 489 1025 possent,
515 960 648 1023 qucmm
670 960 774 1023 neque
797 938 935 1021 vestigia
956 939 1052 1004 video
1076 938 1238 1023 descripta
1260 958 1363 1021 neque
1390 939 1581 1007 mentionem

236 1061 306 1126 lieri
327 1060 415 1146 apud
438 1067 563 1128 veteres
587 1059 757 1145 scriptores
780 1059 922 1125 memini.
970 1060 1061 1136 Quae
1091 1060 1121 1124 si
1142 1066 1197 1124 aut
1219 1058 1328 1123 omnia
1349 1065 1405 1123 aut
1427 1060 1582 1144 pleraque

236 1188 322 1247 recte
345 1179 481 1263 hahent,
513 1179 788 1246 Pisistratidarum
817 1187 903 1246 certe
927 1181 1091 1266 poporopr'q
1114 1179 1283 1263 quominus
1305 1178 1438 1244 nimium
1461 1181 1583 1247 tribua-

236 1321 317 1385 mus,
344 1302 557 1388 prohibemur.
608 1321 611 1327 ·

323 1422 408 1488 Certi
431 1421 560 1505 quidem
584 1429 659 1488 sunt
680 1441 790 1487 omnes
812 1422 835 1487 ii
859 1421 939 1501 vici,
966 1421 1021 1505 qui
1043 1442 1063 1485 a
1085 1422 1202 1504 portis,
1229 1441 1361 1504 quarum
1385 1423 1513 1524 quidem
1538 1426 1583 1491 si-

236 1551 288 1608 tus
307 1541 433 1608 definiri
455 1542 569 1628 potuit,
594 1542 628 1607 in
651 1542 789 1608 mediam
813 1543 922 1608 urbem
945 1541 1095 1608 tendunt:
1127 1550 1233 1608 certus
1256 1542 1394 1607 maxime
1417 1543 1488 1609 eius
1510 1548 1583 1631 pla-

235 1670 307 1729 teae
335 1661 468 1745 ductus,
499 1683 583 1747 quae
612 1685 633 1728 a
663 1669 755 1747 porta
776 1662 903 1728 Piraica
924 1663 967 1727 ad
990 1663 1093 1727 forum
1116 1662 1274 1729 Ceramici
1296 1663 1464 1730 descendit
1486 1665 1582 1750 idque

235 1784 386 1850 scindens
407 1783 491 1850 inter
512 1782 668 1868 porticum
687 1783 858 1848 Attalicum
882 1792 914 1848 et
936 1783 1021 1848 lovis
1045 1783 1238 1849 Liberatoris
1261 1790 1356 1866 atque
1379 1805 1437 1869 per
1458 1794 1581 1870 portam

237 1905 399 1970 Minervae
424 1901 634 1992 Ἀρχηγέτιδος
663 1903 706 1968 ad
736 1903 934 1988 horologium
965 1904 1140 1970 Andronici
1162 1904 1356 1989 Cyrrhestae
1386 1908 1577 1991 porrigitur3

234 2046 337 2109 neque
360 2025 466 2090 minus
487 2032 576 2110 patet
598 2045 638 2090 ea
660 2025 780 2108 platea,
807 2046 890 2107 quae
913 2025 1072 2110 prioribus
1094 2025 1293 2109 temporibus
1316 2046 1335 2089 a
1359 2046 1452 2092 sacra
1475 2039 1576 2114 porta,

235 2145 352 2212 deinde
375 2166 395 2210 a
418 2146 536 2232 Dipylo
558 2145 685 2210 initium
709 2145 840 2230 capiens
862 2147 905 2211 ad
926 2146 1067 2230 porticus
1090 2145 1248 2211 Attalicas
1279 2147 1364 2211 latus
1390 2151 1582 2233 septentrio-

233 2267 309 2332 nale
337 2265 476 2350 indeque
506 2265 547 2331 ad
578 2266 733 2351 porticum
764 2265 982 2331 Hadrianeam
1012 2266 1131 2331 tendit:
1174 2287 1366 2349 quamquam
1401 2268 1434 2333 in
1469 2272 1581 2338 tabula

236 2408 300 2452 non
330 2394 416 2453 reete
444 2387 608 2452 delineata
638 2386 781 2452 videtur·
822 2387 904 2451 Nam
933 2386 1029 2451 miror
1051 2386 1161 2452 Curtio
1184 2361 1389 2472 Kairpertoue
1419 2411 1480 2454 non
1510 2394 1582 2476 pla-

235 2508 340 2574 cuisse
363 2509 417 2572 Fr.
442 2508 585 2591 Adleri¹l
620 2507 827 2584 sententiam,
862 2507 916 2591 qui
946 2507 1087 2591 plateam
1117 2507 1220 2592 ipsam
1250 2509 1381 2593 propius
1409 2510 1451 2574 ad
1478 2512 1580 2579 forum

234 2630 389 2696 accedere
413 2628 519 2711 sumit,
545 2628 591 2694 ita
614 2635 648 2693 ut
670 2628 795 2700 duobus
817 2627 885 2693 illis
904 2628 1019 2693 viculis
1035 2648 1142 2693 carere
1157 2627 1328 2712 possimus,
1356 2631 1420 2713 qui,
1447 2641 1482 2698 ut
1496 2656 1581 2701 nunc

233 2749 396 2836 designati
419 2757 511 2831 sunt,
537 2747 659 2814 aditum
683 2748 813 2813 minime
837 2748 1041 2832 splendidum
1064 2749 1232 2813 adfurum
1255 2750 1465 2833 patefaciunt.
1512 2755 1580 2820 Iam

233 2870 371 2937 dubitari
394 2869 504 2953 nequit
525 2868 566 2934 de
590 2869 653 2935 situ
676 2868 739 2933 vici
762 2868 940 2952 tripodum,
975 2890 1069 2953 quem
1098 2890 1138 2934 ex
1161 2871 1375 2936 monumentis
1398 2873 1581 2942 etiamnunc

234 2990 462 3076 superstitibus
484 2989 723 3074 cognoscimus,
754 3009 792 3054 ac
815 2996 900 3055 recte
923 2997 1008 3055 totus
1030 2990 1258 3055 ambulationis
1281 2991 1367 3056 circa
1389 3014 1494 3059 arcem
1519 2997 1581 3061 cir-

232 3111 336 3176 cuitus
359 3132 377 3176 e
400 3111 545 3194 vestigiis
569 3110 715 3196 depictus
731 3114 827 3193 esth.
868 3110 942 3175 Alia
958 3110 1002 3175 ita
1018 3130 1052 3174 se
1069 3111 1199 3191 habere,
1226 3118 1261 3175 ut
1276 3111 1404 3178 Curtius
1420 3133 1458 3179 ea
1474 3118 1582 3201 expri-

233 3231 350 3297 menda
365 3231 497 3314 curavit,
524 3231 663 3296 maxime
678 3231 847 3312 vellemus,
874 3231 933 3296 sed
951 3251 1050 3314 usqne
1066 3231 1173 3296 adhuc
1188 3231 1311 3297 idoneis
1327 3233 1370 3298 ad
1385 3237 1579 3304 credendum

232 3353 339 3420 causis
355 3371 498 3436 egemus.
526 3353 621 3417 Velut
634 3351 783 3416 intricata
799 3351 839 3417 de
855 3373 974 3436 pompa
989 3352 1249 3419 Panathenaicae
1264 3353 1403 3419 triremis
1419 3361 1576 3442 quaestio,

233 3473 273 3540 de
296 3495 360 3558 qua
375 3472 637 3538 Wacbsmuthius
657 3473 736 3537 scite
752 3472 975 3556 disputaritll,
1002 3473 1114 3556 paucis
1129 3473 1162 3538 in
1178 3474 1289 3538 charta
1305 3475 1410 3559 lineis,
1437 3477 1470 3542 in
1493 3500 1580 3544 oom-

232 3595 386 3660 meritorio
395 3597 416 3678 ⁴¹)
444 3593 552 3658 verbis
574 3592 782 3659 diiudicatur:
809 3593 863 3676 qni
887 3592 929 3658 ad
952 3613 1057 3658 arcem
1081 3593 1188 3659 aditus
1211 3596 1324 3679 patuit,
1351 3603 1397 3662 tot
1415 3598 1578 3665 horninum

231 3714 394 3781 doctorum
417 3713 705 3799 disceptationibus
728 3720 874 3796 vexatus,
899 3715 963 3779 iam
987 3721 1135 3799 apparot:
1170 3717 1383 3801 angiportum,
1410 3741 1472 3802 quo
1495 3722 1580 3786 Pan-

233 3836 343 3902 sanias
365 3836 408 3901 ad
430 3835 662 3901 occidentalem
678 3834 797 3901 Thesei
819 3835 983 3901 introitum
1007 3837 1174 3920 pervenire
1194 3838 1340 3921 potuita.
1368 3837 1491 3904 summo
1507 3862 1578 3907 curn

232 3957 351 4042 gaudio
383 3956 524 4041 repperi.
571 3955 646 4020 Alia
674 3957 789 4022 deesse
820 3956 968 4022 videntur
996 3977 1067 4021 cum
1096 3966 1152 4023 aut
1183 3959 1398 4025 aedificiorum
1433 3962 1579 4046 vestigiis

232 4076 443 4144 demonstrari
466 4084 585 4160 queant
613 4076 779 4159 (otricus,
805 4097 900 4159 quern
923 4099 943 4141 a
965 4085 1055 4161 tergo
1071 4079 1210 4162 porticus
1225 4081 1384 4145 Attalioae
1400 4103 1576 4164 agnoscere

231 4198 412 4279 debemus),
438 4204 494 4263 aut
515 4197 557 4262 ab
580 4197 720 4280 antiquis
743 4197 948 4282 scriptoribus
971 4208 1255 4265 commemorentur
1281 4202 1326 4284 (ut
1341 4201 1449 4285 platea
1458 4209 1494 4284 l),
1522 4225 1580 4289 per

320 4476 335 4538 ¹)
359 4474 586 4543 ,drcbdolopr‘cche
605 4474 718 4543 Zeitunp
737 4474 790 4527 Vll
815 4475 899 4536 lists}
921 4490 948 4542 p.
968 4475 1011 4524 121
1034 4472 1096 4527 'rat
1122 4477 1160 4525 lc.

317 4562 336 4624 2¹)
358 4561 497 4630 περιπάτου
514 4560 628 4631 περίοδος
648 4561 679 4615 C.
695 4561 716 4614 l.
732 4557 767 4613 Α.
789 4560 830 4613 ΙΙΙ
844 4561 903 4611 lca
937 4561 979 4613 Do
993 4561 1168 4617 meridionali
1182 4562 1242 4616 cius
1255 4569 1336 4629 parte
1355 4561 1392 4615 es.
1407 4564 1439 4618 U.
1456 4565 1578 4621 Kochlcr

233 4648 326 4702 Jhtrl.
345 4647 390 4700 des
407 4646 546 4700 derttschen
565 4647 683 4699 archilei.
706 4646 834 4700 Instituta
852 4646 879 4697 in
899 4647 986 4698 Athen
1006 4647 1034 4700 ll
1053 4664 1080 4715 p.
1096 4648 1155 4698 239,

317 4734 335 4797 ³)
359 4733 377 4786 l.
399 4734 415 4786 l.
437 4751 464 4803 p.
480 4735 529 4784 255
543 4749 604 4802 sqq.

318 4820 336 4880 ⁴}
358 4837 386 4890 p.
409 4821 449 4872 ll.

319 4908 336 4970 ὖ)
360 4906 467 4962 Gurlitt
485 4905 534 4958 das
553 4905 632 4960 Alter
649 4905 697 4958 der
715 4904 869 4959 Biblon-ko
889 4906 945 4958 eund
961 4907 1005 4958 dio
1024 4908 1137 4961 Burczaeu't
1157 4909 1200 4960 dus
1218 4927 1272 4977 cop.
1298 4908 1426 4962 Tbcscr‘on
1445 4927 1472 4978 p.
1488 4912 1529 4961 Sl.

318 4995 337 5055 ὓ)
359 4994 416 5047 alia
439 4991 564 5047 vicorum
589 4992 702 5045 nomina
726 4991 792 5045 vide
817 4993 891 5060 apud
917 4993 1159 5050 lllachsurnthiurn
1179 5012 1206 5069 p.
1227 4997 1275 5046 3523
1302 5003 1330 5067 oc
1356 4996 1387 5051 (3,
1412 4996 1577 5056 Bul-sianum

236 5077 403 5157 (icoprnplrr'e
421 5096 472 5134 sou
495 5077 693 5139 Gru'eclrealqnd
710 5079 722 5132 I
741 5095 768 5156 p.
785 5081 844 5137 259,
