4206 6248
501 649 542 709 50
992 644 1036 699 W.
1057 643 1353 698 uluuuussuuuuu

502 834 649 918 Namque
665 833 801 899 eandem
817 843 951 919 utroque
966 833 1094 898 nominc
1112 835 1221 900 urbem
1237 833 1373 899 indicari
1389 854 1460 898 eum
1476 855 1516 898 ex
1540 834 1702 899 hominnm
1719 836 1846 920 Byzan-

500 955 637 1020 tinorum
660 955 851 1021 testimoniis
880 950 1055 1041 (Ἡράκλεια
1078 951 1097 1040 ἡ
1121 960 1171 1019 νῦν
1196 953 1367 1040 Heia-soria
1390 962 1440 1020 est
1462 954 1495 1019 in
1518 955 1672 1020 laterculo
1694 956 1845 1042 inscripto

431 1079 434 1085 '
499 1073 567 1162 περὶ
582 1076 753 1161 ἐπωνυμίας
776 1071 891 1140 πόλεων
915 1075 965 1140 καὶ
987 1072 1084 1141 τόπων
1107 1076 1140 1140 11
1156 1075 1309 1159 Partheyi
1331 1075 1471 1141 editione
1488 1076 1647 1141 Hieroclis
1665 1079 1805 1163 append.
1825 1084 1843 1141 3

499 1218 530 1261 1.
551 1200 607 1261 101
625 1219 656 1282 p.
673 1200 747 1262 317.
776 1202 807 1262 ἐν
825 1193 990 1284 Ἡρακλείᾳ
1012 1203 1048 1284 τῇ
1073 1195 1197 1277 dicaris,
1224 1189 1261 1283 lp
1285 1195 1474 1281 Πελαγονίαν
1497 1194 1552 1260 τινὶ
1573 1192 1689 1284 γλώττῃ
1713 1225 1844 1264 κατακο-

498 1320 675 1391 λουθοῦντες
691 1314 840 1403 Ῥωμαῖοι
862 1322 912 1383 νῦν
936 1314 1134 1403 ὀνομάζουσιν
1156 1318 1293 1382 Ioannes
1317 1317 1492 1382 Cinnamus
1514 1318 1573 1399 111,
1596 1321 1633 1381 17
1650 1341 1681 1404 p.
1705 1323 1762 1383 127
1786 1322 1840 1387 ed.

499 1440 636 1525 Bona),
669 1447 734 1505 tum
766 1460 807 1505 ex
836 1439 920 1504 Livii
949 1439 1130 1505 narratione
1160 1446 1312 1523 apparet,
1346 1438 1399 1522 qui
1426 1439 1546 1505 Persea
1571 1440 1712 1525 Philippi
1743 1443 1843 1526 patris

498 1560 589 1626 11111
613 1559 724 1626 fauces
745 1561 788 1626 ad
810 1560 1019 1643 Pelagoniam
1044 1560 1123 1625 sitas
1146 1580 1321 1645 occupasse
1343 1567 1468 1641 narrat,
1498 1581 1539 1624 ne
1561 1560 1602 1624 ab
1625 1561 1756 1644 Illyrico
1779 1564 1843 1628 llo-

498 1681 585 1746 mani
607 1681 828 1765 irrumperent.
869 1680 968 1763 Atqui
990 1688 1114 1746 constat
1140 1681 1191 1765 [cf.
1217 1681 1327 1746 Barth.
1353 1702 1384 1766 p.
1409 1684 1476 1765 142)
1504 1700 1662 1762 nusquam
1687 1683 1842 1749 exercitui

497 1801 618 1867 aditum
650 1801 683 1867 in
705 1801 926 1867 Macedoniam
956 1802 997 1866 ab
1026 1801 1191 1867 occidente
1222 1802 1366 1885 patuisse
1388 1802 1451 1866 nisi
1473 1802 1563 1866 iuxta
1585 1803 1695 1867 urbem
1720 1804 1842 1869 Bs'lolr'o
1928 1836 1931 1849 ν

502 1922 702 2007 (1111111111),
736 1943 831 2007 quarn
854 1923 1044 1988 Heracleam
1068 1924 1298 2007 Lyncestarum
1329 1943 1402 1988 1111
1425 1930 1544 1988 ceruum
1568 1929 1627 1988 est.
1675 1924 1840 2002 Quaenam

497 2064 572 2109 vero
587 2043 671 2109 inter
685 2043 767 2109 haec
782 2043 846 2108 duo
861 2043 990 2108 nomina
1005 2043 1085 2109 ratio
1100 2043 1289 2125 intercedat,
1312 2042 1496 2126 ambigitur.
1535 2043 1693 2109 Henricus
1709 2047 1843 2132 Kiepert

496 2164 626 2248 quidem
655 2163 829 2248 [Lebrluct
853 2165 910 2228 der·
931 2165 1016 2228 alten
1043 2163 1245 2248 Geopraplc'e
1268 2165 1283 2228 Ι
1306 2186 1337 2249 p.
1365 2165 1437 2248 312)
1471 2183 1542 2228 eum
1571 2164 1689 2231 infimis
1711 2167 1839 2233 demum

496 2286 722 2370 imperatorum
752 2286 965 2350 Romanorum
996 2285 1192 2370 temporibus
1221 2284 1417 2367 Pelagoniae
1450 2285 1591 2368 regionis
1619 2306 1734 2352 nomen
1764 2289 1840 2356 huic

496 2406 568 2472 urbi
590 2443 633 2453 -
655 2426 718 2471 non
741 2406 774 2470 in
797 2426 837 2471 ea
858 2406 1006 2489 regione,
1039 2406 1152 2471 sedin
1176 2405 1369 2489 Lyncestide
1392 2404 1473 2470 sitae
1495 2443 1538 2452 —
1560 2406 1743 2490 impositum
1767 2431 1839 2475 1111

495 2527 696 2612 pronuntiat,
730 2505 813 2592 Liuii
843 2528 983 2592 locorum
1012 2528 1131 2593 oblitus
1154 2547 1226 2592 esse
1249 2525 1386 2591 videtur.
1432 2525 1476 2590 At
1499 2526 1609 2592 Livius
1631 2534 1735 2593 atrurn
1759 2551 1837 2596 suae

494 2649 610 2715 aetatis
634 2668 726 2714 usum
749 2655 903 2732 sequatur
925 2669 966 2712 an
989 2648 1115 2712 illorum
1138 2654 1315 2732 temporum
1338 2666 1471 2728 quorum
1494 2667 1546 2712 res
1568 2648 1736 2732 describit,
1770 2651 1839 2717 iure

494 2770 669 2854 meritoque
699 2769 826 2835 videtur
855 2769 993 2835 dubitari
1022 2787 1128 2853 posse.
1175 2767 1359 2833 Conieceris
1388 2767 1473 2832 enim
1503 2767 1607 2852 ipsam
1630 2769 1838 2838 Macedoniae

494 2893 529 2957 in
551 2898 700 2976 quattuor
722 2890 871 2955 civitates
894 2889 1150 2956 distributionem
1172 2889 1206 2954 in
1229 2907 1329 2953 eausa
1351 2887 1469 2967 fuisse,
1503 2909 1559 2954 111
1587 2889 1646 2955 illa
1675 2893 1751 2957 urbs
1780 2913 1839 2958 no-

494 3034 567 3077 men
591 3018 739 3077 mutaret.
779 3011 813 3076 Si
837 3011 923 3076 enim
947 3017 1080 3094 quartae
1102 3010 1237 3093 regioni,
1262 3009 1295 3073 in
1318 3029 1382 3090 qua
1400 3015 1528 3093 praeter
1544 3010 1731 3094 Lyncestae,
1757 3013 1838 3080 Ore-

493 3141 571 3217 stas,
597 3132 766 3198 Elimiotas
788 3132 885 3198 etiarn
901 3133 1081 3215 Pelagones
1103 3131 1242 3212 1111111,
1268 3136 1335 3194 turn
1358 3150 1379 3193 a
1394 3129 1545 3194 Romanis
1560 3131 1756 3214 Pelagoniae
1779 3155 1838 3199 no-

493 3275 566 3320 men
588 3253 702 3320 latiore
725 3252 758 3317 vi
780 3251 916 3317 inditum
939 3272 1115 3335 sumamus,
1140 3250 1208 3351 1111
1232 3250 1344 3335 potuit,
1371 3256 1406 3314 ut
1428 3250 1546 3315 sensim
1565 3251 1706 3334 regionis
1721 3275 1836 3321 nornen

492 3395 553 3441 usu
575 3375 734 3440 cotidiano
750 3373 905 3439 sermonis
921 3373 964 3438 ad
980 3372 1143 3458 oppidum,
1170 3371 1255 3460 quod
1274 3371 1343 3437 eius
1360 3377 1456 3456 caput
1470 3379 1565 3453 esset,
1591 3373 1832 3456 transferretur,

491 3496 578 3581 quod
607 3496 640 3559 in
671 3495 818 3560 omnibus
844 3494 911 3561 1111
935 3493 1062 3559 Galliae
1086 3492 1270 3559 civitatibus
1293 3491 1353 3556 snb
1376 3491 1509 3576 imperio
1531 3493 1743 3560 Romanorum
1767 3496 1835 3562 fae-

491 3623 558 3681 tum
582 3635 653 3681 esse
676 3635 769 3681 nemo
792 3615 905 3681 nescit.
946 3613 1038 3693 Quod
1061 3622 1097 3679 ut
1119 3613 1299 3698 speciosum
1322 3621 1381 3696 est,
1406 3613 1452 3678 ita
1468 3634 1578 3679 verum
1593 3623 1731 3681 nonest.
1768 3618 1834 3683 Ne-

491 3758 553 3820 que
585 3736 668 3802 enim
699 3736 826 3801 omnino
848 3737 983 3801 Romani
1010 3741 1159 3817 quattuor
1180 3733 1327 3799 civitates
1350 3733 1532 3800 nominibus
1554 3736 1690 3821 propriis
1712 3757 1733 3801 a
1754 3758 1836 3820 gen-

489 3858 575 3924 tibus
596 3857 652 3941 qui
675 3877 732 3922 eas
754 3857 930 3922 incolerent
951 3855 1096 3941 repetitis
1119 3855 1339 3938 designarunt,
1366 3855 1423 3920 sed
1446 3861 1574 3939 praeter
1595 3856 1721 3922 Livium
1745 3860 1835 3925 Stra-

490 3980 684 4062 bonemque,
711 3998 791 4060 quos
812 3978 941 4062 propria
964 3976 1094 4041 nomina
1115 3974 1255 4040 tacuisse
1278 3974 1383 4059 dicas,
1414 3974 1512 4039 etiam
1534 3977 1655 4042 nummi
1677 3984 1836 4045 testantur

489 4119 544 4165 eus
568 4098 758 4184 simpliciter
780 4093 967 4162 Μακεδόνων
990 4093 1129 4184 πρώτην,
1162 4096 1319 4182 δευτέραν,
1358 4094 1499 4182 (τρίτην),
1530 4073 1672 4184 rerciprrp
1703 4107 1833 4166 vocatas

489 4242 561 4287 1111
590 4219 722 4303 (Hekhel
746 4219 787 4283 D.
813 4219 854 4282 N.
880 4218 912 4282 ΙΙ
934 4239 965 4303 p.
994 4221 1045 4282 63.
1085 4216 1273 4300 Marquardt
1293 4219 1388 4280 Ro'm.
1415 4219 1618 4281 Stoetsocrw.
1644 4219 1660 4282 Ι
1682 4241 1714 4304 p.
1743 4224 1830 4306 161).

489 4342 596 4420 Quare
619 4339 648 4405 si
670 4338 865 4423 Pelagoniae
887 4338 1028 4421 regionis
1050 4358 1166 4403 nomen
1188 4337 1363 4420 aliquando
1386 4337 1484 4402 latius
1506 4338 1627 4423 patuit,
1662 4339 1722 4405 boe
1748 4350 1832 4409 certe

487 4483 550 4528 non
580 4462 622 4527 ab
653 4461 711 4525 illa
733 4459 941 4524 Macedoniae
970 4457 1130 4524 divisione
1160 4459 1368 4543 repetendum
1399 4465 1458 4524 est.
1505 4458 1616 4524 Livius
1646 4467 1771 4543 autem,
1805 4463 1831 4527 si

485 4582 676 4647 Heracleam
706 4580 903 4645 nominatam
933 4579 1110 4645 invenisset
1137 4579 1171 4644 in
1200 4579 1382 4645 narratione
1412 4579 1452 4645 de
1480 4579 1669 4645 Macedonia
1701 4583 1832 4665 quadri-

485 4703 599 4768 fariam
627 4701 751 4785 divisa,
783 4722 847 4765 non
869 4700 975 4784 magis
996 4700 1048 4765 bio
1071 4720 1112 4765 ex
1135 4720 1213 4765 suae
1235 4701 1351 4765 aetatis
1374 4720 1434 4766 usu
1457 4701 1593 4766 alterum
1615 4722 1732 4767 nornen
1754 4705 1832 4769 snb-

485 4888 690 4895 *ψ-

480 4986 641 5067 Ἂμφιπόλει,
661 4997 690 5049 τὸ
709 4996 737 5048 δὲ
755 4993 960 5065 Θεσσαλονιτιείᾳ,
980 4994 1010 5048 τὸ
1029 4994 1056 5047 δὲ
1071 4992 1169 5066 Πέλλῃ,
1188 4997 1217 5049 τὸ
1237 4995 1265 5048 δὲ
1285 4992 1459 5060 Helorion,
1480 4995 1576 5064 parrllo
1595 4996 1831 5053 inconsideratius

482 5082 576 5153 gentis
594 5083 705 5137 nomine
723 5098 790 5136 usus
809 5087 862 5136 ost.
