4118 6240
456 710 667 767 HIERONYhIl
686 712 819 768 RHODII
839 711 1106 768 PERlPATETlCI
1125 712 1360 770 FRAGMENTA
1544 715 1584 776 97

469 886 578 989 βορρᾶς
601 899 746 989 ὡμίλησε.
795 900 831 968 σὺ
854 900 882 968 δ’
912 900 947 969 οὐ
970 902 1073 992 σοφός,
1096 899 1138 977 le.
1154 901 1202 968 τὸν
1216 896 1340 990 ,Ἔρωτα

511 1003 670 1094 ἀλλοτρίαν
695 1007 822 1094 σπείρων
846 1003 1019 1093 λωποδύτην
1044 1003 1178 1094 ἀπάγεις.

327 1145 365 1209 Iu
381 1151 541 1229 postremo
555 1165 651 1212 versu
666 1150 775 1232 πειρῶν
791 1166 848 1230 pro
864 1145 991 1232 σπείρων
1001 1144 1227 1229 corrigendum
1241 1164 1314 1211 esse
1330 1144 1411 1210 dixit
1421 1144 1588 1211 Heckerus

241 1285 355 1331 comm.
379 1266 450 1332 orit.
469 1264 510 1332 de
525 1266 622 1332 Anth.
641 1266 697 1331 Gr.
713 1267 729 1330 Ι
744 1288 775 1352 p.
792 1270 843 1347 20,
869 1267 932 1333 hac
953 1287 1030 1333 usus
1053 1265 1346 1349 argumentatione:
1392 1266 1588 1350 ‘Euripidem
1651 1267 1656 1275 “

242 1407 373 1452 uxorem
395 1387 535 1453 alienam
557 1394 699 1454 tentasse
722 1386 867 1472 quidem,
901 1388 958 1454 scd
982 1387 1046 1453 voti
1075 1394 1252 1472 compotem
1284 1387 1402 1453 iactum
1432 1407 1495 1452 non
1517 1407 1589 1453 csse

242 1508 440 1593 intellegitur
469 1529 509 1574 ex
531 1512 619 1574 vs.3
650 1509 703 1573 nbi
733 1508 880 1593 Euripidi
910 1529 1019 1574 amore
1047 1507 1196 1592 flagranti
1224 1528 1286 1573 non
1316 1507 1432 1573 leniter
1461 1507 1590 1594 placida

243 1631 352 1695 Venus
375 1628 523 1713 afflasse,
549 1628 608 1695 sed
630 1628 857 1712 frigidissimus
880 1636 994 1695 ventus
1017 1631 1138 1695 Boreas
1160 1628 1316 1694 adversus
1340 1628 1517 1694 occurrisse
1540 1629 1591 1694 di-

244 1751 350 1816 citur'.
404 1751 446 1816 At
475 1751 575 1817 verba
605 1749 651 1815 ool
681 1749 715 1814 δὲ
743 1751 852 1838 βορρᾶς
882 1746 1018 1837 ὡμίλησε
1048 1750 1218 1816 referenda
1247 1757 1321 1815 sunt
1348 1749 1391 1815 ad
1423 1740 1482 1815 illa
1509 1771 1591 1835 qnae

245 1871 431 1956 Euripidem
460 1870 649 1937 adfirmasse
676 1878 773 1938 antea
802 1872 945 1938 narravit
966 1872 1182 1958 Hieronymus
1210 1869 1261 1936 acl
1292 1867 1380 1944 αὐτός
1402 1848 1474 1936 ποτε
1495 1869 1591 1958 τούτῳ

245 1992 415 2080 κεχρῆσθαι
437 1997 480 2077 τῷ
501 1990 586 2056 παιδὶ
609 1989 687 2057 ἀλλὰ
711 1991 803 2079 μηδὲν
825 1994 1018 2080 προσθεῖναι,
1048 1993 1139 2058 cuius
1162 1992 1207 2059 rei
1230 1993 1263 2058 in
1287 1993 1517 2077 epigrammate
1540 2013 1593 2057 ra-

246 2114 364 2180 tionem
393 2112 505 2180 haberi
532 2133 666 2180 necesse
689 2120 749 2180 cst.
796 2115 909 2198 Itaque
931 2115 1030 2181 verba
1053 2112 1099 2178 ool
1123 2112 1156 2179 δὲ
1178 2119 1241 2179 κτλ.
1269 2113 1464 2198 significant,
1498 2113 1593 2178 Enri-

247 2235 375 2321 pidem,
406 2233 525 2319 quippe
554 2233 609 2317 qni
639 2234 782 2300 mulieris
810 2211 917 2300 amore
944 2234 1113 2318 flagraret,
1148 2255 1218 2300 oum
1241 2255 1341 2320 puero
1363 2241 1503 2301 uteretur
1530 2255 1593 2300 non

247 2355 386 2422 calidum
415 2355 515 2421 tuisse
538 2355 621 2421 sicut
643 2354 834 2442 Sophoclem
869 2357 929 2439 (cui
952 2353 1118 2422 ἀκολασίαν
1140 2356 1301 2423 obiecerat
1322 2355 1502 2441 Euripides)
1537 2354 1594 2421 sed

248 2476 461 2561 frigidiorem:
502 2476 592 2542 cuius
615 2476 795 2543 sentcntiae
824 2477 920 2543 foeda
942 2478 1123 2544 obscenitas
1151 2499 1171 2543 a
1201 2477 1334 2544 consilio
1355 2476 1596 2563 epigrammatis

248 2597 328 2663 mihi
351 2597 480 2681 quidem
504 2597 612 2663 aliena
634 2616 706 2664 esse
729 2618 792 2663 non
815 2598 950 2665 videtur.
998 2599 1046 2664 Eo
1069 2619 1194 2683 qnoque
1217 2599 1354 2665 Heckeri
1379 2599 1486 2684 opinio
1509 2596 1562 2664 rel
1581 2635 1597 2644 -

247 2726 342 2800 tatur,
369 2717 454 2803 qnod
477 2718 669 2805 Sophoclem
687 2718 852 2804 Euripidis
874 2718 1079 2802 adulterium,
1104 2740 1169 2785 uon
1191 2720 1318 2785 alienae
1341 2720 1449 2784 uxoris
1471 2718 1597 2803 cupidi-

247 2848 348 2906 tatem
376 2839 523 2924 tetigisse
552 2840 765 2925 Hieronymus
795 2840 965 2926 perspicue
992 2847 1139 2907 testatur.
1187 2842 1335 2907 Ceterum
1362 2842 1529 2907 verborum
1561 2835 1597 2903 ob

250 2958 278 3025 δ’
306 2958 342 3027 οὐ
371 2957 463 3048 σορὸς
492 2963 570 3044 urb,
605 2962 646 3027 ds
675 2961 791 3044 quibus
820 2961 901 3027 mira
931 2962 1108 3046 protulerat
1129 2962 1298 3029 Iacobsius
1320 2961 1451 3027 Anthol.
1477 2960 1531 3026 Gr.
1552 2961 1596 3025 VI

248 3104 278 3168 p.
300 3086 373 3166 3t9‚
405 3082 590 3148 universnm
621 3101 751 3148 sensum
774 3082 942 3149 Heclrerus
964 3089 1050 3149 recte
1072 3083 1156 3149 hunc
1185 3102 1257 3150 esse
1287 3082 1383 3149 dicit:
1419 3086 1471 3149 ‘tu
1500 3082 1597 3147 stulte

250 3223 346 3286 sane,
378 3203 449 3288 ipse
475 3202 624 3269 furtivam
647 3204 803 3269 Venerem
825 3209 980 3286 renatus,
1012 3205 1161 3270 Amorem
1183 3203 1260 3271 furti
1282 3210 1469 3270 accusatum
1492 3203 1525 3267 in
1547 3202 1599 3267 iu-

250 3325 369 3391 dicium
391 3323 505 3410 rapis'.
1106 3368 1135 3422 {a

336 3445 502 3530 Frigidum
530 3452 636 3512 autem
665 3445 892 3529 inficetumque
922 3466 994 3512 csse
1024 3445 1084 3512 hoc
1114 3445 1313 3531 epigramma
1342 3453 1375 3512 et
1397 3467 1418 3511 a
1439 3444 1598 3530 Sophocle

250 3569 390 3635 alienum
413 3567 591 3633 rectissimo
613 3574 648 3633 ut
669 3567 748 3632 mihi
770 3574 856 3633 certe
878 3566 1006 3634 videtur
1025 3567 1144 3634 indicio
1167 3574 1300 3633 censent
1315 3566 1483 3632 Nauckius
1510 3567 1596 3650 (Eur.

250 3697 332 3774 trag.
358 3690 373 3754 Ι
396 3710 428 3775 ρ.
454 3688 544 3773 XIX)
578 3695 611 3755 et
631 3689 671 3753 A.
697 3687 876 3754 Schoellius
905 3688 1012 3774 (Soph.
1037 3710 1069 3775 p.
1096 3691 1137 3754 85
1165 3687 1406 3753 ‘onocrzeihlicl
1435 3687 1530 3752 bleibt
1549 3700 1593 3767 eq

252 3810 302 3874 eia
329 3832 363 3874 so
386 3809 608 3874 crbc'irmlichcs
631 3809 828 3891 Mochwcrk,
861 3809 918 3873 wic
940 3809 1040 3874 dieses
1062 3810 1266 3896 Ερίρναοοη,
1291 3811 1358 3895 fiir
1384 3807 1599 3894 sophokler'ach

251 3955 291 3995 zu
313 3931 465 4016 holteo'l;
491 3937 588 4014 atque
611 3931 708 3996 etiam
724 3930 751 3996 si
766 3931 929 4015 aliquanto
944 3930 1128 4015 elegantius
1143 3938 1231 3998 esset
1244 3931 1465 4015 compositum,
1491 3935 1599 3995 tamen

252 4057 381 4138 propter
406 4050 567 4134 insignem
589 4051 778 4138 Hieronymi
806 4053 970 4119 levitatem
1000 4051 1157 4137 originem
1187 4052 1399 4137 Sophoclcam
1431 4071 1488 4137 pro
1514 4056 1602 4117 certa

253 4173 371 4239 habere
393 4171 525 4239 minime
546 4173 667 4239 liceret.
716 4173 829 4241 Ritteri
852 4172 1059 4256 sententiam,
1091 4172 1146 4258 qui
1168 4172 1400 4258 Hieronymum
1431 4178 1464 4237 et
1488 4171 1603 4238 inven-

252 4301 352 4361 torem
375 4293 505 4360 fabulae
520 4301 553 4361 et
567 4294 751 4380 scriptorem
776 4294 1017 4380 epigrammatis
1039 4294 1141 4361 fuisse
1164 4294 1300 4362 coniecit
1323 4293 1466 4379 (Didymi
1488 4313 1599 4378 opusc.

254 4438 287 4502 p.
306 4418 373 4502 49),
407 4415 486 4481 satis
513 4415 712 4501 probabilem
741 4435 813 4481 esse
842 4423 929 4501 puto.
977 4416 1151 4482 Potuerunt
1177 4423 1285 4481 autem
1307 4415 1536 4500 Hieronymum
1560 4413 1603 4479 ad

254 4538 336 4603 haec
357 4535 510 4620 lingenda
532 4538 615 4603 tales
636 4536 769 4602 allicere
790 4537 1049 4603 narratiunculae
1071 4537 1185 4620 quales
1207 4535 1315 4602 nobile
1330 4536 1417 4602 Ionis
1439 4536 1604 4620 fragmen-

254 4667 320 4725 tum
344 4657 477 4743 praehet
498 4657 584 4743 apud
607 4657 725 4723 Athen.
743 4658 824 4723 XIII
846 4680 878 4745 p.
899 4663 961 4724 603
976 4659 1004 4723 Ε
1020 4677 1089 4742 sqq.
1121 4657 1172 4742 (cl.
1199 4657 1339 4723 Dindorf
1363 4663 1531 4722 comment.
1563 4655 1604 4722 de

256 4780 322 4845 vita
344 4778 443 4864 Soph.
468 4800 500 4863 p.
518 4778 604 4862 XV).
651 4778 798 4864 Euripidi
821 4778 905 4845 falso
927 4779 1126 4865 adscriptum
1156 4778 1355 4863 epigramma
1377 4778 1496 4861 legitur
1517 4777 1605 4863 apud

256 4901 344 4966 Atb..
357 4900 389 4965 ΙΙ
411 4921 443 4984 p.
464 4904 501 4964 61
518 4899 559 4964 B:
599 4921 631 4966 v.
657 4899 800 4966 Schenkl
824 4900 940 4965 Philol.
959 4900 1073 4964 XXIII
1095 4922 1127 4985 p.
1149 4903 1224 4964 319.
1249 4900 1425 4982 —Longe
1447 4898 1542 4965 aliter
1565 4899 1605 4964 dc

255 5043 295 5087 ea
322 5042 357 5088 rc
384 5021 541 5087 indicavit
568 5021 779 5105 Zurborgius,
812 5020 867 5105 qui
897 5020 1096 5107 epigramma
1124 5019 1212 5086 haud
1242 5019 1424 5085 dubitanter
1454 5020 1604 5105 Sophocli

254 5143 399 5208 attribuit
421 5142 617 5226 summisque
639 5141 765 5209 extollit
784 5141 936 5208 laudibus
957 5142 1072 5227 (Herm.
1093 5142 1124 5205 X
1147 5161 1178 5225 p.
1199 5144 1261 5203 212
1278 5160 1326 5224 sq.
1364 5142 1422 5204 ‘Ec
1443 5141 1525 5226 zcipt
1547 5143 1612 5226 auf

1382 5263 1395 5315 I
