4206 6248
523 651 563 711 70
1095 650 1131 703 R.
1151 650 1290 706 HIRZEL

521 842 640 907 liticam
665 840 832 926 physicam
855 841 1081 925 theologicam.
1130 841 1239 923 Digna
1261 841 1342 906 haec
1364 861 1416 907 res
1437 841 1503 906 iam
1526 840 1648 906 dudum
1671 848 1755 922 erat,
1786 859 1870 923 quae

522 962 711 1047 diligentius
734 961 970 1044 attenderetur,
1003 982 1065 1045 quo
1095 961 1313 1046 splendidiore
1336 962 1407 1027 luce
1431 962 1519 1027 illius
1542 962 1600 1026 viri
1624 960 1872 1046 philosophandi

522 1083 603 1149 ratio
626 1084 884 1166 collustraretur,
910 1083 965 1148 hic
986 1089 1093 1148 autem
1116 1102 1157 1147 ea
1178 1089 1302 1148 tantum
1326 1083 1366 1148 de
1389 1103 1488 1149 eausa
1510 1082 1671 1149 enotanda
1693 1089 1759 1161 est,
1785 1081 1871 1165 quod

523 1205 570 1270 ita
592 1211 728 1289 apparet
750 1225 790 1269 ex
806 1203 974 1271 Cleanthis
996 1203 1156 1269 sententia
1171 1209 1204 1269 et
1218 1202 1421 1269 dialecticam
1443 1211 1475 1270 et
1489 1203 1677 1270 rhetoricam
1690 1203 1873 1287 singulares

522 1346 580 1411 per
603 1344 637 1390 se
660 1324 849 1409 disciplinas
872 1323 1087 1390 constituisse.
1127 1323 1207 1402 Quis
1230 1344 1305 1389 vero
1322 1333 1489 1407 utramque
1511 1346 1575 1390 uno
1597 1325 1725 1390 nomine
1748 1324 1873 1390 iunxit?

522 1446 572 1511 An
596 1445 797 1530 Chrysippus
825 1452 860 1511 ut
888 1444 1026 1510 aliarum
1054 1445 1286 1529 permultorum
1316 1446 1361 1511 ita
1390 1445 1523 1511 huiusce
1552 1447 1600 1511 rei
1629 1445 1690 1512 luit
1719 1451 1874 1511 novator?

522 1567 573 1632 lta
595 1563 623 1631 si
646 1566 846 1648 arbitramur,
874 1586 892 1631 e
915 1565 1027 1650 Scylla
1048 1572 1084 1631 ut
1101 1564 1192 1631 aiunt
1213 1565 1248 1631 in
1263 1566 1461 1651 Charybdim
1482 1566 1670 1646 incidimus;
1697 1587 1771 1632 nam
1794 1565 1871 1630 dum

524 1707 632 1753 eorum
655 1687 766 1752 vitium
797 1686 919 1753 euitare
955 1687 1121 1770 volumus,
1154 1687 1210 1770 qui
1237 1687 1271 1752 in
1294 1687 1421 1753 Stoicae
1451 1694 1558 1754 sectae
1581 1688 1775 1753 conditorem
1798 1689 1872 1771 plus

523 1809 687 1874 cumulant
705 1828 803 1892 quam
827 1807 883 1873 ille
906 1807 1063 1898 sustinere
1085 1814 1200 1894 potest,
1227 1809 1404 1894 perieulum
1427 1815 1476 1874 est
1498 1829 1539 1874 ne
1560 1808 1625 1894 ipsi
1646 1809 1732 1874 iusta
1753 1829 1792 1874 ac
1814 1808 1872 1873 de-

523 1929 591 1994 bita
613 1929 709 1995 laude
732 1949 804 1995 eum
827 1928 1066 1995 defraudemus.
1114 1929 1219 2007 Quam
1250 1930 1366 1996 eiiam
1389 1929 1501 1995 tribuit
1522 1929 1687 2013 Diogenes
1710 1929 1870 1995 Laertius.

524 2049 573 2117 De
597 2051 773 2116 Stoicorum
796 2050 882 2116 enim
911 2048 1055 2116 doctrina
1082 2050 1111 2115 is
1140 2051 1239 2116 verba
1261 2052 1368 2116 facere
1391 2070 1524 2116 exorsus
1547 2050 1693 2116 diversas
1718 2050 1797 2116 dicit
1818 2070 1873 2116 eos

523 2172 671 2257 posuisse
694 2172 883 2257 disciplinas
905 2170 1074 2257 physicam
1096 2171 1234 2237 ethicam
1258 2171 1407 2255 logicam,
1434 2171 1550 2256 quibus
1566 2171 1717 2238 universa
1731 2172 1874 2257 philoso

523 2291 646 2378 phandi
668 2293 748 2359 ratio
771 2294 996 2360 contineretur.
1042 2293 1155 2377 Neque
1186 2293 1239 2358 hic
1268 2292 1487 2375 distinguendi
1516 2290 1631 2358 modus
1660 2299 1696 2358 ut
1720 2293 1766 2358 ait
1786 2293 1873 2358 idem

523 2413 687 2497 Diogenes
709 2435 882 2500 paucorum
914 2420 1037 2480 tantum
1067 2412 1223 2497 suffragia
1253 2413 1344 2496 tulit,
1379 2412 1435 2478 sed
1463 2434 1484 2478 a
1514 2413 1661 2498 plurimis
1691 2420 1726 2479 ut
1747 2413 1874 2479 uidetur

523 2535 676 2620 probatus
707 2544 773 2619 est,
806 2536 889 2602 inter
917 2555 997 2620 quos
1028 2535 1247 2621 Chrysippus,
1279 2541 1346 2601 tum
1377 2534 1577 2619 Babylonius
1609 2534 1665 2599 ille
1695 2535 1870 2618 Diogenes,

524 2655 717 2722 Posidonius
751 2656 888 2741 denique
922 2657 1069 2723 claritate
1102 2662 1277 2742 praestant.
1333 2655 1439 2720 Primo
1472 2662 1580 2722 tamen
1613 2656 1683 2720 loco
1712 2655 1873 2720 Zenonem

523 2776 659 2843 Citienm
687 2777 878 2859 nominavit,
915 2777 1036 2863 quippe
1064 2798 1159 2861 quem
1188 2776 1328 2843 omnium
1357 2776 1495 2861 primum
1528 2776 1575 2842 ita
1607 2775 1757 2842 divisisse
1787 2776 1875 2842 dicat

523 2919 658 2983 eamque
681 2897 873 2965 divisionem
896 2898 930 2964 in
958 2899 1040 2965 libro
1063 2899 1115 2964 eui
1144 2897 1211 2985 περὶ
1235 2893 1326 2984 λόγου
1352 2897 1542 2983 inscriptum
1564 2904 1634 2963 erat
1655 2898 1870 2983 proposuisse.

524 3018 675 3084 Nondum
704 3018 785 3085 haec
814 3021 914 3086 verba
939 3020 1091 3086 idoneum
1120 3019 1325 3104 interpretem
1359 3026 1456 3085 nacta
1484 3024 1559 3085 sunt
1590 3025 1623 3084 et
1656 3019 1711 3102 qui
1744 3025 1874 3085 strenue

524 3159 656 3205 munere
679 3140 957 3225 suolungeretur.
1004 3139 1090 3220 Quid
1119 3141 1227 3206 enimi
1269 3141 1384 3205 Nonne
1414 3144 1525 3225 aperte
1554 3147 1699 3224 pugnant
1729 3160 1800 3205 eum
1827 3141 1875 3206 eis

526 3282 609 3344 quae
625 3261 772 3327 Zellerus
788 3261 863 3328 hist.
882 3262 999 3348 philos.
1018 3263 1061 3344 II,
1078 3263 1097 3323 2
1112 3283 1146 3347 p.
1161 3263 1235 3344 488,
1256 3265 1275 3324 2
1289 3260 1482 3327 testimoniis
1497 3261 1607 3327 allatis
1621 3260 1768 3327 firmasse
1783 3261 1876 3328 vide-

525 3389 591 3447 tur:
631 3382 855 3469 philosophiae
877 3383 910 3448 in
932 3390 998 3449 tres
1019 3382 1094 3447 illas
1116 3389 1226 3468 partes
1249 3381 1457 3464 dividendae,
1483 3381 1526 3447 ad
1548 3403 1653 3447 rerum
1675 3383 1820 3449 ordinem
1844 3391 1877 3450 et

525 3503 746 3568 tractationem
769 3503 798 3569 si
820 3510 958 3588 spectes,
984 3510 1146 3569 auctorem
1168 3504 1334 3569 Platonem
1357 3502 1475 3584 fuisse,
1502 3503 1609 3568 verbis
1632 3523 1671 3570 ac
1692 3504 1875 3571 nominibus

526 3631 633 3690 autem
657 3624 727 3691 eius
750 3624 944 3710 discipulum
960 3625 1174 3691 Xenocratem
1198 3624 1341 3690 omnium
1363 3623 1500 3709 primum
1516 3623 1549 3688 id
1564 3624 1764 3710 expressisse
1780 3626 1826 3691 ita
1841 3633 1876 3693 ut

526 3745 695 3831 physicam
729 3752 761 3812 et
790 3745 928 3812 ethicam
957 3766 1029 3812 cum
1058 3745 1142 3810 inter
1169 3764 1204 3810 se
1233 3751 1300 3810 tum
1323 3765 1343 3810 a
1366 3744 1538 3811 dialectica
1560 3752 1747 3831 separaret?
1790 3747 1874 3812 Nam

526 3866 589 3932 nisi
612 3867 685 3951 quis
707 3865 974 3934 demonstraverit
996 3861 1119 3952 λογικήν
1142 3873 1174 3932 et
1197 3863 1386 3952 liutestorph
1409 3866 1540 3933 nomina
1562 3867 1762 3934 diversarum
1778 3867 1876 3934 disei-

527 3988 688 4073 plinarum
711 3987 824 4071 fuisse,
850 4008 962 4054 vereor
983 4008 1024 4054 ne
1045 3987 1129 4054 inter
1150 3988 1364 4054 Xenocratem
1386 3985 1639 4054 Chalcedonium
1661 3995 1694 4055 et
1715 3989 1876 4056 Zenonem

528 4107 665 4175 Citicum
688 4110 889 4176 aemulantes
912 4108 953 4176 de
983 4109 1079 4175 huius
1107 4107 1301 4174 inventionis
1329 4107 1427 4174 laude
1456 4108 1615 4175 contentio
1643 4109 1751 4176 futura
1773 4110 1816 4177 sit
1838 4132 1876 4177 eo

528 4229 647 4312 aerior,
681 4250 743 4314 quo
773 4231 921 4314 graviore
949 4237 1082 4313 uterque
1114 4237 1146 4296 et
1174 4229 1389 4297 constantiore
1418 4229 1526 4295 animo
1553 4229 1655 4297 fuisse
1677 4231 1873 4316 perhibetur.

528 4351 578 4417 De
594 4371 658 4435 qua
679 4351 736 4417 lite
758 4371 799 4417 ne
822 4351 1004 4436 cogitarunt
1025 4351 1155 4435 quidem
1177 4371 1311 4435 quorum
1333 4350 1368 4416 in
1390 4350 1441 4416 his
1462 4351 1559 4417 rebus
1574 4352 1750 4418 tractandis
1771 4353 1878 4419 studia

527 4479 706 4559 ponuntur,
740 4470 858 4537 nedum
888 4472 960 4555 quis
991 4472 1149 4539 exstiterit
1174 4472 1229 4556 qui
1257 4493 1329 4538 eam
1358 4492 1546 4557 componere
1569 4480 1747 4539 conaretur.
1793 4475 1877 4540 Nam

530 4592 702 4659 dummodo
724 4592 758 4658 id
785 4592 892 4660 lacere
914 4592 1057 4659 animum
1087 4594 1160 4677 quis
1189 4592 1385 4676 induxisset,
1419 4592 1572 4659 facillime
1600 4592 1634 4658 id
1664 4594 1750 4678 quod
1777 4597 1880 4663 voluit

528 4721 697 4781 assecutus
735 4722 832 4780 esset.
899 4714 978 4793 Quis
1015 4735 1079 4780 non
1116 4714 1241 4781 audivit
1276 4714 1467 4779 Antiochum
1504 4713 1722 4780 Ascalonitam
1760 4717 1879 4784 veteris

528 4835 724 4902 Academiae
753 4835 1000 4901 instauratorem
1029 4835 1199 4921 opprobrio
1222 4835 1357 4901 vertisse
1379 4835 1517 4918 Zenoni,
1551 4836 1637 4920 quod
1659 4857 1721 4901 non
1750 4839 1878 4921 qualem

529 4977 564 5023 se
586 4957 752 5043 professus
775 4963 825 5023 est
845 4977 951 5023 rerum
974 4956 1121 5023 inuentor
1143 4957 1274 5040 fuisset,
1309 4956 1368 5022 sed
1390 4957 1557 5023 verborum
1580 4963 1703 5023 tantum
1725 4980 1878 5026 novorum

531 5077 657 5163 opifex!
705 5079 787 5144 Nolo
810 5079 894 5145 hanc
917 5079 1108 5145 sententiam
1131 5079 1284 5164 probare,
1310 5097 1406 5161 quam
1430 5079 1508 5144 satis
1531 5085 1656 5144 constat
1676 5099 1780 5163 neque
1803 5081 1881 5146 suh-
