4206 6248
611 675 662 730 DE
680 673 918 731 Gnononoclo
937 671 1128 729 PALATINO
1146 672 1301 728 lNEDlTO
1584 676 1625 738 39

282 865 408 934 variare
431 867 566 949 soleant,
591 865 613 931 i.
632 886 663 932 e.
681 863 775 932 modo
796 865 872 932 huic
894 864 987 931 modo
1009 863 1059 930 illi
1081 884 1121 931 ex
1143 863 1244 930 tribus
1266 862 1404 930 aemulis
1426 863 1541 929 eadem
1563 864 1623 931 ad-

283 987 439 1054 scribatur
449 991 484 1072 l),
511 986 570 1054 sed
592 987 690 1054 etiam
712 987 746 1053 in
765 986 909 1054 eiusdem
924 985 998 1052 libri
1014 984 1150 1052 diversis
1165 984 1328 1051 codicibus
1343 984 1429 1051 idem
1445 983 1502 1051 fiat
1528 985 1623 1069 (quod

281 1108 314 1175 in
336 1107 478 1175 Maximo
501 1108 611 1176 videre
633 1108 734 1192 11991).

366 1229 471 1296 Huius
491 1229 591 1314 igitur
613 1228 809 1295 collectionis
831 1226 1216 1313 Democrito-Epicteteae
1243 1226 1295 1312 (sit
1308 1226 1405 1292 venia
1419 1227 1525 1312 verbo)
1552 1227 1623 1314 epi-

279 1358 387 1417 tomen
417 1351 562 1418 exhiberi
590 1348 746 1434 florilegio
768 1349 915 1417 Palatino
944 1356 979 1416 ut
1006 1354 1185 1436 promptum
1215 1354 1265 1415 est
1290 1347 1434 1415 coniectu
1456 1347 1503 1415 ita
1524 1347 1621 1415 certis

280 1478 386 1557 potest
407 1470 534 1557 probari
555 1471 764 1555 argumentis.

366 1591 506 1658 Primum
534 1598 643 1658 tamen
672 1590 843 1658 dicendum
873 1598 923 1657 est
946 1590 987 1657 de
1009 1589 1166 1675 florilegio
1188 1590 1373 1656 Monacensi
1400 1590 1533 1674 eiusque
1562 1611 1621 1675 ge-

280 1714 365 1779 mino
388 1713 536 1799 exemplo
559 1711 721 1795 Leidensi‚
747 1712 865 1798 quippe
887 1711 921 1777 in
943 1711 1059 1796 quibus
1082 1711 1196 1777 eadem
1219 1711 1287 1778 fere
1309 1710 1472 1797 inscriptio
1494 1711 1622 1796 legatur

279 1841 374 1918 atque
395 1833 429 1899 in
452 1832 617 1915 Palatino,
649 1852 785 1916 quoonm
811 1832 971 1899 artissimo
993 1833 1161 1899 coniuncta
1183 1839 1257 1898 sunt
1278 1831 1527 1900 necessitudinis
1549 1833 1621 1898 vin-

279 1956 361 2020 culo.
406 1954 512 2021 Primo
534 1954 619 2020 enim
642 1954 754 2020 obtutu
776 1959 928 2039 apparet,
964 1960 1089 2038 partem
1112 1974 1195 2036 quae
1216 1974 1237 2019 a
1259 1953 1419 2020 sententia
1440 1953 1543 2040 prima
1565 1973 1620 2020 us-

278 2097 340 2159 que
370 2076 413 2142 ad
441 2077 648 2144 centesimam
677 2075 812 2160 primam
843 2074 1045 2141 Monacensis
1077 2074 1330 2159 (nonagesimam
1353 2075 1522 2161 septimam
1545 2075 1620 2141 Lei-

279 2197 398 2282 densis)
426 2197 563 2284 pertinet
583 2204 712 2283 praeter
733 2195 947 2281 paucissimas
969 2202 1066 2262 totam
1085 2202 1118 2262 et
1132 2195 1307 2262 secundum
1323 2196 1460 2263 eundem
1476 2195 1618 2262 ordinem

277 2318 425 2384 iteratam
454 2337 527 2385 esse
553 2318 587 2384 in
616 2317 774 2383 Palatino.
821 2316 950 2383 Omissa
978 2316 1023 2382 ibi
1053 2323 1127 2383 sunt
1153 2316 1250 2383 haec:
1282 2339 1314 2384 n.
1339 2319 1446 2383 9-13
1475 2318 1614 2403 (9-16),

279 2442 319 2502 ν(
347 2440 431 2523 (97),
458 2443 499 2504 45
527 2441 611 2523 (45),
637 2441 677 2501 57
705 2440 782 2522 (97),
809 2440 848 2501 cr
878 2439 955 2521 (99),
981 2439 1023 2503 79
1050 2439 1123 2520 (om.
1149 2437 1269 2520 sein),
1297 2440 1337 2503 aa
1365 2439 1442 2523 (99),
1468 2441 1509 2503 os
1539 2438 1615 2521 (aq,

277 2563 319 2624 oo
347 2563 423 2641 (92),
449 2580 532 2643 quae
555 2558 669 2644 partim
692 2557 823 2625 aliunde
844 2557 1043 2643 irrepserunt
1064 2559 1096 2625 in
1112 2558 1304 2626 Monacense
1324 2559 1518 2644 (19199999),
1544 2579 1619 2645 par-

276 2680 332 2746 tim
364 2680 508 2746 eiusdem
538 2679 670 2763 originis
699 2685 795 2764 atque
824 2680 950 2763 reliqua
979 2699 1040 2745 non
1063 2679 1126 2745 nisi
1147 2699 1224 2746 casu
1247 2679 1280 2744 in
1303 2680 1449 2746 Palatino
1471 2679 1620 2747 videntur

276 2801 402 2868 deesse.
449 2802 492 2866 N.
517 2804 622 2866 9-13
645 2821 709 2866 non
732 2801 794 2866 huc
815 2800 985 2883 quadrant,
1010 2800 1107 2867 immo
1129 2800 1330 2887 ineptissime
1351 2801 1384 2866 in
1406 2800 1522 2868 mediis
1544 2821 1619 2868 sen-

275 2922 384 2988 tentiis
413 2942 496 3006 quae
521 2920 683 2988 addeum
706 2927 852 3007 spectant
873 2921 1060 3007 interposita
1083 2927 1157 2987 sunt
1178 2920 1338 3005 quaedam
1362 2920 1403 2989 (19
1425 2921 1614 3007 eruditione,

275 3043 315 3109 de
338 3042 554 3125 matrimonio,
584 3042 659 3108 aliis
681 3042 859 3120 nonnullis;
893 3048 1060 3127 praeterea
1082 3062 1178 3108 unum
1201 3042 1385 3127 quidemn.
1412 3046 1432 3108 9
1453 3045 1617 3131 κρείττονες

276 3166 307 3229 αἱ
330 3167 389 3228 τῶν
411 3164 655 3249 πεπαιδευμένων
678 3162 797 3236 ἐλπίδες
819 3157 838 3249 ἢ
862 3160 878 3228 ὃ
908 3166 966 3228 τῶν
997 3159 1124 3248 ἆμαῦιῖιν
1154 3166 1282 3238 πλοῦτος
1310 3171 1361 3230 est
1381 3164 1616 3232 Democriteum

280 3286 331 3366 (91.
349 3283 444 3350 119111.
463 3285 561 3350 Laur.
577 3304 609 3368 p.
630 3286 704 3367 tot,
726 3288 759 3348 11
780 3283 875 3349 lllein.
902 3314 944 3339 =
966 3304 1035 3351 exe.
1055 3285 1190 3352 Vindob.
1212 3288 1259 3367 18)
1288 3291 1320 3352 91
1342 3292 1413 3371 post
1429 3289 1469 3350 30
1488 3287 1613 3352 Monac.

274 3406 411 3491 positum
434 3404 515 3470 nihil
538 3405 724 3470 offensionis
746 3404 879 3472 haberet
905 3408 950 3488 [ut
970 3407 1159 3492 ampliatum
1182 3407 1299 3490 legitur
1320 3426 1434 3490 reapse
1457 3407 1490 3472 in
1509 3408 1612 3473 Palat.

275 3529 348 3609 41),
381 3526 440 3593 sed
468 3526 593 3611 reliqua
622 3527 674 3591 vel
699 3525 733 3590 in
755 3524 858 3591 triviis
880 3525 1052 3593 decantata
1074 3534 1148 3593 sunt
1170 3525 1257 3593 (11919
1278 3548 1378 3593 aurea
1405 3528 1537 3613 (septem
1561 3548 1615 3595 sa-

273 3647 428 3731 pientium
451 3647 544 3733 μηδὲν
567 3639 661 3733 ἄγαν,
690 3641 783 3733 ἐγγύα
804 3642 888 3732 παρὰ
910 3643 939 3712 δ’
967 3639 1035 3728 ἄτα,
1061 3647 1192 3733 Epicuri
1214 3644 1292 3713 λάθε
1316 3643 1438 3735 βιώσας)
1466 3649 1617 3734 991919-

273 3766 383 3834 verbia
411 3788 452 3834 ne
481 3767 522 3834 ad
546 3767 685 3834 ethicam
715 3766 844 3851 quidem
874 3767 1054 3852 spectantia
1082 3768 1172 3836 velut
1200 3765 1296 3843 οὐδεὶς
1326 3765 1458 3855 κομήτης
1479 3761 1557 3843 icae
1579 3766 1614 3835 οὐ

278 3892 333 3971 (sc.
356 3888 531 3976 περαίνεται
553 3887 595 3954 91.
619 3889 738 3954 Macar.
758 3888 870 3971 11171)
897 3886 1161 3976 9199111ῳᾶ9
1184 3891 1346 3978 κεραμείαν
1370 3886 1532 3976 μανθάνεις
1559 3890 1611 3973 (91.

273 4010 541 4093 2999111165),
568 4008 707 4092 deniqne
729 4008 812 4075 inter
834 4009 958 4093 reliqua
980 4009 1144 4095 pedestria
1164 4011 1319 4096 promitur
1340 4031 1453 4077 versus
1470 4011 1616 4078 Pseudo-

271 4129 458 4216 Phocylidis
486 4129 599 4196 tertius
632 4125 715 4216 (μήτε
736 4131 955 4216 palpationem
979 4125 1051 4216 μήτ’
1078 4123 1190 4216 ἄρσενα
1218 4126 1321 4217 κύπριν
1344 4127 1478 4218 ὂρίνειν).
1526 4133 1615 4218 Apo-

272 4251 448 4337 phthegma
469 4249 617 4317 Amasios
643 4249 694 4333 (91.
720 4250 809 4317 Stob.
834 4249 902 4317 flor.
928 4250 1065 4318 CXXIV
1088 4254 1137 4334 31)
1165 4272 1187 4317 9
1208 4251 1324 4334 sciolo,
1356 4273 1451 4337 quem
1474 4252 1614 4338 produnt

272 4374 371 4439 verba
385 4367 570 4460 ἀποβαλόντι
584 4367 639 4436 τινὶ
654 4377 687 4437 91
700 4366 822 4459 γράφων
837 4397 891 4456 τις,
916 4373 1096 4458 importune
1117 4371 1274 4439 intrusum
1292 4379 1342 4439 est
1355 4393 1387 4438 n.
1408 4376 1461 4438 95.
1500 4374 1613 4458 Neque

271 4493 377 4559 miuus
398 4514 420 4559 a
441 4512 500 4559 suo
523 4493 592 4558 loco
615 4491 742 4558 videtur
764 4491 905 4560 alienum
928 4514 960 4559 n.
987 4496 1044 4578 24,
1079 4492 1165 4578 quod
1193 4513 1385 4578 quamquam
1408 4495 1542 4561 difficile
1564 4502 1614 4562 est

270 4614 435 4680 intellectu
457 4621 565 4680 tamen
587 4632 671 4697 nego
694 4633 767 4679 eum
789 4614 926 4681 Antonio
949 4636 981 4701 p.
1012 4619 1060 4698 10,
1087 4617 1127 4680 37
1159 4613 1407 4700 comparandum
1436 4635 1526 4698 esse,
1559 4616 1611 4682 aio

271 4815 475 4826 ——n

358 4944 374 5006 ¹)
395 4943 490 4998 Pauca
513 4944 650 5014 quaedam
673 4943 802 5013 exempla
824 4943 966 5000 enarravit
986 4944 1166 5014 Lortaingius
1189 4945 1404 5016 programmatis
1421 4945 1613 5002 Berolincnsis

272 5029 357 5084 ‘liber
375 5029 422 5084 dio
440 5029 588 5085 ethischcu
607 5030 774 5098 Fragmenta
792 5030 967 5087 Demokrits’
989 5035 1024 5096 (a.
1047 5032 1121 5097 1813)
1143 5048 1170 5101 p.
1189 5033 1289 5101 1199.)
1309 5037 1422 5101 praesto
1441 5039 1506 5089 sunt
1523 5034 1612 5088 rnnlto

269 5116 357 5185 plura.
