4118 6240
472 651 683 708 HIERONYMI
702 650 837 706 RHODII
855 643 1124 705 PERIPATETICI
1142 646 1377 705 FRAGMENTA
1539 653 1597 712 117

338 844 495 910 Fabulam
522 843 564 910 de
585 842 724 910 ‘lithono
753 840 856 908 fusius
882 841 929 907 ita
951 846 1113 906 narratam
1136 845 1170 906 ut
1192 839 1234 905 ab
1256 837 1451 924 Hieronymo
1473 841 1600 924 prolata

251 986 324 1033 esse
340 964 456 1032 dicitur
471 964 560 1051 apud
574 964 770 1049 antiquiores
785 963 955 1048 scriptores
971 982 1033 1027 non
1047 961 1169 1027 inveni.
1210 959 1381 1025 Tithonum
1404 960 1437 1025 in
1453 961 1598 1028 cicadam

251 1107 456 1170 conversum,
492 1086 533 1153 de
561 1106 626 1170 qua
654 1084 766 1152 sabula
793 1083 1038 1168 disputaverunt
1066 1082 1227 1149 Pnellerus
1254 1081 1373 1167 yrieeh.
1405 1083 1542 1168 Mytlol.
1568 1086 1598 1150 1³

252 1231 284 1294 p.
304 1213 366 1275 360
396 1215 429 1274 et
450 1207 639 1275 Welekerus
665 1206 784 1292 prlecb.
814 1205 984 1271 Gutterl.1
1005 1225 1038 1289 p.
1057 1204 1137 1285 686,
1170 1202 1321 1286 ignorant
1347 1208 1456 1269 auctor
1484 1204 1597 1291 hymni

250 1329 411 1397 Homerici
444 1329 477 1395 in
507 1330 665 1396 Venerem
695 1346 743 1393 vs.
770 1328 832 1391 218
856 1346 925 1410 sqq.
963 1332 995 1392 et
1023 1325 1230 1390 Mimnermus
1264 1323 1349 1408 apud
1383 1323 1471 1390 Stoh.
1508 1327 1594 1392 Flor.

251 1451 355 1518 CXVI
371 1455 427 1532 33;
462 1450 503 1517 cf.
535 1449 632 1516 etiam
654 1446 817 1533 Aristoph.
843 1446 922 1514 Ach.
946 1448 1019 1511 688.
1067 1445 1226 1511 Philonid.
1248 1427 1348 1530 ¹apud
1368 1445 1450 1511 Poll.
1474 1448 1593 1515 11118.

250 1572 429 1639 Rettulerat
449 1571 533 1638 hanc
556 1570 698 1638 fabulam
720 1575 795 1635 ante
818 1567 1008 1635 clearchum
1030 1566 1238 1634 Hellanicus:
1265 1566 1366 1634 schol.
1385 1568 1414 1633 A
1436 1569 1474 1633 Il.
1496 1568 1518 1632 Γ
1536 1574 1592 1633 151

251 1697 358 1781 μακρῷ
380 1693 413 1759 δὲ
436 1693 492 1781 βίῳ
515 1692 740 1779 δαπανηθέντος
762 1691 877 1757 ἐκείνου
901 1688 1063 1777 μετέβαλεν
1087 1684 1176 1755 αὐτὸν
1199 1688 1241 1762 εἰς
1263 1688 1380 1775 τέττιγα
1401 1684 1421 1775 ἡ
1444 1685 1515 1763 θεός
1531 1692 1594 1754 κτλ.

251 1814 361 1903 ἱστορεῖ
376 1809 570 1889 Ἑλλάνικος.

335 2059 448 2124 Restat
469 2063 505 2123 ut
527 2077 637 2124 eorum
659 2057 801 2123 locorum
823 2053 1015 2121 mentionem
1038 2052 1155 2118 faciam
1178 2051 1232 2136 qui
1254 2052 1448 2138 Hieronymo
1471 2054 1596 2121 Rhodio

249 2200 312 2244 non
334 2184 420 2245 recte
442 2178 596 2263 adscripti
619 2184 703 2244 sunt.

334 2300 381 2366 Ac
411 2299 546 2384 primum
575 2299 705 2383 quidem
734 2295 894 2363 horacius
930 2298 972 2381 (p.
997 2298 1069 2379 231]
1103 2294 1290 2361 tribuendos
1316 2296 1346 2363 ei
1377 2315 1448 2363 esse
1471 2298 1596 2382 putavit

248 2421 306 2487 hos
328 2420 409 2487 duos
431 2421 519 2487 locos
541 2419 716 2487 Athenaei:
743 2420 771 2485 V
792 2439 825 2504 p.
845 2417 947 2482 206H
969 2412 1081 2504 γράφει
1103 2406 1154 2483 οὖν
1178 2413 1355 2505 ‘obloquor
1378 2413 1491 2493 οὕτως·
1523 2419 1594 2484 Διο-

246 2543 367 2627 κλείδης
398 2539 450 2627 μὲν
480 2537 692 2630 ὃἈβδηρίτης
722 2535 912 2625 θαυμάζεται
941 2534 988 2602 ἐπὶ
1017 2542 1053 2624 τῇ
1084 2534 1157 2625 πρὸς
1186 2535 1239 2624 τὴν
1264 2534 1391 2605 Ῥοδίων
1421 2535 1507 2605 πόλιν
1537 2535 1594 2606 ὑπὸ

246 2663 419 2751 Δημητρίου
447 2663 657 2749 προσαχθείσῃ
688 2663 748 2735 τοῖς
777 2661 907 2748 τείχεσιν
936 2655 1073 2725 ἑλεπόλει
1103 2662 1180 2740 κτλ.,
1214 2657 1264 2725 καλ
1278 2656 1455 2748 Ἱερώνυμος
1484 2662 1532 2727 ἐπὶ
1555 2665 1591 2749 τῇ

245 2789 415 2872 κατασκευῇ
437 2787 490 2870 τῆς
513 2779 692 2870 ἁρμαμάξης
716 2776 736 2870 ᾖ
760 2783 915 2868 συνέβαινε
937 2782 1199 2867 κατακομισθῆναι
1221 2777 1253 2846 τὸ
1273 2777 1466 2870 Ἀλεξάνδρου
1489 2787 1589 2869 σῶμα.

245 2928 277 2992 p.
297 2909 358 2970 217
376 2906 402 2970 Ε
427 2904 592 2993 Περδίκκας
611 2904 709 2970 τοίνυν
723 2899 780 2991 πρὸ
799 2897 962 2991 Ἀρχελάου
980 2897 1143 2990 βασιλεύει,
1170 2898 1211 2976 ὡς
1235 2902 1287 2988 μὲν
1310 2899 1494 2978 δἈκάνθιός
1517 2930 1592 2991 φησι

247 3023 422 3113 Νικομήδης
445 3025 497 3113 ἔτη
519 3024 742 3113 τεσσαράκοντα
764 3026 811 3106 ἕν,
844 3019 1019 3109 Θεόπομπος
1042 3024 1075 3090 δὲ
1097 3020 1255 3111 τριάκοντα
1276 3026 1380 3108 πέντε,
1402 3023 1592 3112 Ἀναξιμένης

245 3143 485 3235 τεσσαράκοντα,
512 3143 694 3235 Ἱερώνυμος
726 3144 838 3212 εἴκοσιν
867 3141 963 3228 ὀκτώ,
998 3140 1146 3233 Μαρσύας
1170 3145 1203 3211 δὲ
1232 3143 1283 3211 καὶ
1305 3143 1474 3234 (θιλόχορος
1497 3146 1593 3214 εἴκοσι

245 3268 323 3355 τρία.
370 3268 436 3336 Sed
459 3275 592 3352 uterque
614 3269 717 3348 locus,
745 3274 780 3334 ut
801 3274 886 3334 recte
909 3267 1068 3333 intellexit
1090 3268 1329 3346 Brueeknerus‚
1357 3271 1477 3333 Ztactr.
1493 3272 1530 3356 s.
1557 3272 1588 3334 d.

246 3389 525 3455 Altrrtlramswr'sa.
556 3391 637 3453 1842
666 3410 698 3474 p.
724 3392 798 3471 257,
831 3409 872 3455 εκ
902 3388 1088 3474 Hieronymi
1118 3387 1273 3455 Cardiani
1299 3389 1442 3456 historiis
1472 3391 1592 3476 petitus

181 3538 183 3545 ⁴
244 3517 304 3577 est.
364 3511 413 3577 De
443 3510 546 3596 priore
576 3509 618 3576 ef.
644 3511 748 3576 Reuss
782 3510 996 3594 Hieronymus
1024 3533 1084 3574 corr
1106 3511 1232 3574 Kardia
1262 3531 1294 3595 p.
1321 3514 1392 3576 103.
1447 3512 1589 3578 Alterum

243 3631 369 3698 Rhodio
401 3631 515 3698 iterum
548 3629 728 3716 assignavit
761 3630 796 3697 θ.
833 3631 1006 3697 Muellerus
1039 3630 1153 3715 fragm.
1190 3631 1266 3696 hist.
1303 3631 1359 3696 Gr.
1388 3633 1420 3697 ΙΙ
1450 3654 1483 3718 ρ.
1513 3639 1586 3700 452.

243 3755 339 3820 Putat
360 3752 455 3835 enim,
482 3751 525 3818 ad
546 3752 633 3819 illius
655 3749 723 3840 περὶ
743 3755 873 3838 ποιητῶν
895 3751 994 3818 libros
1010 3759 1182 3838 propterea
1196 3772 1269 3818 eum
1285 3752 1487 3819 referendum
1503 3775 1585 3840 esse,

242 3875 319 3960 quia
332 3873 522 3959 Hieronymi
543 3873 758 3941 testimonium
780 3893 819 3941 eo
841 3874 911 3940 loco
933 3874 974 3940 ab
989 3874 1157 3941 Athenaeo
1179 3873 1342 3940 adseratur
1363 3875 1418 3941 ubi
1442 3876 1482 3942 de
1497 3877 1589 3960 Aga·

243 3995 349 4063 thonis
372 3995 486 4081 tragici
508 3994 596 4081 apud
618 3994 811 4062 Archelaum
834 3995 953 4061 versati
976 3995 1170 4080 temporibus
1193 3994 1346 4080 disputet;
1374 4017 1469 4079 qnam
1492 4019 1589 4083 argu-

242 4116 469 4184 mentationem
485 4117 602 4184 salsam
624 4136 697 4184 esse
715 4136 809 4183 nemo
824 4115 964 4202 negabit,
991 4116 1046 4201 qui
1068 4122 1166 4183 totam
1183 4137 1268 4200 quae
1283 4117 1371 4202 apud
1386 4118 1588 4186 Athenaeum

241 4244 349 4304 exstat
375 4238 624 4325 disputationem
650 4243 799 4306 accurate
827 4236 1009 4322 perlegerit.
1065 4237 1234 4304 Contraria
1263 4240 1423 4306 sententia
1453 4260 1524 4306 eam
1546 4242 1587 4307 ob

241 4380 374 4426 eausam
396 4380 453 4445 pro
476 4380 553 4427 vera
574 4358 726 4426 habenda
748 4365 811 4437 est,
838 4358 914 4442 quia
936 4365 1048 4425 auctor
1069 4357 1158 4424 illins
1180 4359 1406 4445 disputationis
1435 4363 1525 4445 (quae
1548 4382 1588 4427 ex

240 4479 393 4547 Herodici
417 4481 587 4566 Babylonii
616 4480 696 4546 libro
717 4476 790 4567 πρὸς
812 4476 861 4545 τὸν
885 4476 1104 4567 Φιλοσωκράτη
1136 4488 1265 4565 sumpta
1293 4484 1352 4565 est)
1386 4481 1427 4549 de
1457 4503 1588 4548 numero

240 4623 395 4668 annorum
418 4622 497 4686 quos
520 4601 691 4668 Perdiccas
713 4601 898 4686 regnaverit
918 4601 1097 4684 historicos,
1126 4622 1189 4668 non
1212 4603 1421 4689 philosophos
1442 4604 1475 4669 in
1498 4605 1589 4671 testi-

241 4722 382 4788 moninm
405 4728 510 4788 vocat.
556 4724 668 4807 Neque
690 4723 865 4809 quidquam
888 4724 1008 4806 obstat,
1040 4744 1103 4807 quo
1132 4723 1236 4790 minus
1266 4730 1461 4808 statuamus,
1494 4726 1589 4792 Hier-

239 4864 389 4930 onymum
413 4841 607 4910 Gordianum
637 4844 714 4912 data
743 4844 911 4911 occasione
940 4844 981 4912 de
1010 4845 1222 4929 antiquiorum
1245 4845 1453 4914 Macedoniae
1476 4870 1587 4934 regum

239 4965 435 5050 temporibus
457 4963 648 5033 disseruisse
676 4969 717 5052 (v.
735 4967 921 5033 Brueckner
934 4987 967 5052 p.
986 4970 1048 5031 259
1064 4969 1142 5052 sp),
1168 4967 1253 5034 siout
1268 4988 1339 5034 sum
1355 4968 1396 5034 de
1411 4969 1587 5053 antiqnita-

241 5087 325 5152 tibns
341 5086 492 5153 Romanis
508 5085 611 5153 obiter
625 5088 814 5173 exposuisse
829 5094 964 5154 testatur
978 5087 1154 5174 Dionysius
1170 5089 1276 5154 Halic.
1293 5089 1401 5174 Antiq.
1417 5091 1508 5156 Rom.
1524 5093 1583 5157 16.
1598 5154 1600 5158 ,
