4118 6240
452 589 513 649 152
655 560 657 565 ⁴
1005 583 1052 638 w.
1071 583 1239 640 susurru

449 775 647 841 Athenarum
677 774 711 839 in
741 794 838 840 unum
866 774 1001 856 coaluit,
1035 773 1078 839 ad
1101 774 1252 857 antiquae
1275 772 1363 838 urbis
1387 772 1520 837 formam
1544 768 1797 856 recuperandam

449 895 537 962 haud
560 894 653 980 parvi
674 893 828 960 momenti
851 901 936 960 sunt.

536 1017 635 1082 Recte
668 1014 931 1080 Wachsmuthius
965 1035 997 1099 p.
1024 1016 1085 1078 383
1102 1033 1151 1097 sq.
1188 1014 1229 1080 de
1263 1013 1456 1098 synoeoismi
1489 1020 1604 1079 natura
1636 1010 1794 1096 exposuit.

450 1136 580 1222 Duplex
602 1135 686 1201 enim
710 1134 931 1219 synoecismus
954 1134 1143 1200 statuendus
1165 1140 1230 1215 est,
1256 1134 1286 1200 is
1308 1119 1371 1215 quo
1394 1133 1544 1199 diversae
1565 1131 1600 1197 in
1622 1131 1730 1197 Attica
1752 1130 1798 1197 oi-

448 1257 566 1322 vitates
588 1256 621 1321 in
645 1275 743 1320 unum
765 1254 984 1340 reipublicae
1008 1274 1121 1340 corpus
1144 1254 1190 1319 ita
1212 1254 1400 1320 coniunctae
1423 1262 1515 1331 sunt,
1547 1259 1584 1318 ut
1605 1270 1716 1321 omnes
1737 1253 1797 1318 At-

449 1377 505 1443 tici
527 1376 742 1442 Athenienses
770 1375 898 1456 fierent,
932 1396 973 1440 ne
1001 1381 1109 1442 tamen
1139 1396 1240 1441 novae
1271 1395 1310 1440 ac
1338 1373 1514 1440 communis
1544 1372 1683 1439 civitatis
1710 1373 1797 1438 cives

450 1499 518 1564 sive
547 1515 659 1563 omnes
689 1496 757 1562 sive
786 1496 932 1581 plerique
961 1496 995 1560 in
1019 1496 1097 1561 urbe
1120 1495 1192 1581 ipsa
1215 1495 1310 1561 sedes
1333 1496 1542 1561 collocarent:
1576 1500 1609 1559 et
1631 1493 1797 1578 synoeois-

450 1637 521 1683 mus
543 1617 696 1699 urbanus,
722 1636 785 1699 quo
808 1637 826 1682 e
850 1615 1069 1682 communibus
1092 1616 1160 1681 sive
1184 1615 1297 1697 demis,
1314 1615 1379 1701 qui
1401 1616 1486 1680 circa
1501 1635 1607 1680 arcem
1623 1614 1676 1680 siti
1691 1621 1791 1697 erant,

450 1761 514 1805 una
540 1738 600 1803 illa
627 1737 703 1803 urbs
733 1736 855 1819 extitit,
890 1757 986 1821 quam
1012 1736 1177 1801 oraculum
1200 1736 1395 1822 Delphicum
1418 1736 1507 1821 apud
1528 1735 1650 1802 Herod.
1677 1739 1706 1816 7,
1736 1740 1796 1800 rto

431 1842 534 1926 ‘recte
555 1853 642 1923 πόλιν
665 1857 841 1944 τροχοειδέα
863 1856 1052 1942 appellavit.
1099 1857 1190 1922 Tune
1219 1862 1255 1923 ut
1282 1857 1381 1922 totius
1411 1855 1551 1922 civitatis
1573 1855 1715 1938 Atticae,
1749 1856 1796 1922 sic

449 1981 547 2046 etiam
576 1978 664 2044 urbis
690 1977 889 2043 Athenarum
924 1977 985 2060 [rob
1009 1968 1131 2058 ἄστεως)
1167 1998 1264 2042 unum
1295 1978 1398 2043 sorum
1428 1976 1633 2044 constitutum
1662 1982 1726 2057 est,
1761 1983 1796 2042 ut

448 2101 625 2166 Atticorum
647 2104 680 2165 et
701 2097 946 2163 Atheniensium
970 2097 1134 2181 publicum
1157 2097 1260 2163 forum
1283 2105 1384 2179 esset,
1411 2097 1496 2182 quod
1518 2118 1539 2163 a
1562 2098 1656 2163 demo
1678 2097 1711 2162 in
1734 2117 1795 2180 quo

449 2223 545 2287 situm
575 2228 644 2286 erat
670 2219 778 2304 ipsum
808 2238 933 2301 quoqne
956 2217 1114 2284 Ceramici
1143 2239 1259 2284 nomen
1288 2219 1423 2304 accepit.
1470 2218 1575 2302 Atque
1598 2218 1631 2283 hi
1655 2217 1731 2304 pagi
1761 2224 1796 2284 ut

449 2341 563 2406 urbis
586 2347 695 2425 partes
717 2343 820 2424 κῶμαι
840 2338 863 2403 i.
890 2359 919 2404 e.
945 2339 1094 2423 regiones
1115 2339 1381 2424 appellabantur,
1414 2345 1449 2405 ut
1471 2338 1664 2404 civitatis
1691 2340 1792 2424 δῆμοι.

448 2463 532 2527 Nam
547 2545 549 2552 y
564 2461 610 2527 sic
640 2459 879 2546 interpretanda
908 2479 982 2525 esse
1009 2460 1109 2525 verba
1139 2459 1290 2525 Isocratis
1304 2459 1537 2545 'Areopagitici
1559 2459 1576 2544 §
1600 2463 1658 2524 46:
1693 2456 1794 2524 διελό-

450 2608 534 2668 μενοι
561 2582 753 2663 (nicodemi)
788 2568 843 2666 ¹siqu
875 2580 927 2665 μὲν
957 2575 1044 2645 πόλιν
1067 2576 1143 2645 κατὰ
1166 2576 1281 2665 κώμας,
1308 2574 1360 2665 τὴν
1383 2579 1417 2664 δὲ
1439 2576 1543 2667 χώραν
1566 2577 1644 2646 κατὰ
1668 2576 1791 2667 δήμους,

448 2703 607 2770 vocabula
630 2701 783 2789 Τμίιιομοι
806 2708 838 2767 et
859 2700 1059 2788 Τετμαιοιμία
1089 2701 1205 2766 docent
1216 2704 1252 2784 ¹).
1299 2700 1361 2779 Qui
1390 2721 1430 2767 ea
1459 2708 1638 2786 systemata
1667 2722 1794 2787 compo

448 2825 568 2890 nebant
594 2831 660 2889 tres
690 2829 746 2888 sut
775 2829 923 2905 quattuor
952 2822 1029 2907 pagi
1060 2829 1095 2887 ut
1124 2821 1218 2886 unius
1248 2821 1390 2906 corporis
1419 2821 1525 2888 civilis
1555 2830 1665 2908 partes
1694 2827 1796 2908 κῶμαι

448 2952 481 3010 et
502 2951 594 3010 erant
617 2950 649 3008 et
670 2943 928 3023 nominabantur,
955 2949 989 3008 ut
1006 2942 1102 3008 totius
1118 2941 1258 3007 civitatis
1273 2948 1382 3026 partes
1398 2945 1506 3028 δῆμοιε
1534 2963 1573 3008 ac
1588 2944 1685 3009 simili
1700 2943 1794 3010 modo

448 3084 504 3131 eas
532 3063 785 3131 consociationes
814 3063 979 3128 domorum
1008 3084 1070 3146 quo
1101 3063 1211 3128 urbem
1240 3063 1438 3128 Athenarum
1468 3070 1555 3129 ortas
1588 3084 1660 3131 esse
1693 3072 1793 3151 patet.

447 3187 581 3252 Prorsus
614 3185 709 3250 aliter
740 3203 792 3249 res
826 3204 898 3249 sese
926 3184 1041 3266 habet,
1080 3190 1114 3248 ut
1142 3183 1246 3268 ipsum
1276 3204 1392 3249 nomen
1422 3183 1531 3266 docet,
1568 3185 1602 3251 in
1631 3187 1797 3272 Tetrapoli

448 3307 600 3388 Attica2).
646 3305 760 3387 Neque
790 3304 874 3370 enim
904 3311 1013 3389 partes
1040 3303 1179 3369 ciuitatis
1209 3303 1347 3369 alicuius
1374 3305 1408 3369 in
1437 3305 1572 3390 planitie
1594 3307 1796 3373 Marathonia

448 3427 606 3507 coierunt,
640 3425 698 3491 sed
728 3431 877 3507 quattuor
906 3424 1054 3490 civitates
1083 3425 1204 3490 liberae
1231 3445 1270 3490 ac
1292 3424 1343 3490 sui
1366 3425 1445 3491 iuris
1469 3425 1582 3492 foedus
1604 3435 1794 3513 perpetuum

446 3545 679 3629 antiquissimis
701 3545 897 3631 temporibus
919 3552 1155 3631 percusserunt.

534 3666 599 3732 Sed
628 3674 663 3732 ut
691 3666 733 3730 ad
763 3666 874 3731 urbem
901 3666 1048 3748 redeam,
1083 3666 1194 3731 demos
1217 3666 1356 3732 urbanos
1378 3662 1595 3753 urbisaulnue
1618 3688 1690 3734 esse
1713 3670 1792 3736 diri.

446 3789 519 3854 Non
548 3788 660 3871 ignoro
689 3785 785 3851 aliter
814 3787 882 3869 ΤΕ,
916 3787 965 3851 vir
990 3807 1131 3870 summe,
1164 3807 1231 3853 rem
1261 3787 1458 3854 diiudicasse
1486 3788 1519 3854 in
1542 3786 1654 3855 libello
1676 3789 1709 3856 in
1731 3812 1794 3876 quo

446 3909 487 3974 de
517 3907 682 3973 domorum
711 3876 902 3972 urbanorum
919 3929 1058 4005 numero
1082 3927 1255 3990 eorumque
1277 3927 1335 3993 per
1357 3908 1458 3974 tribus
1481 3909 1704 3977 distributione
1727 3911 1794 3978 dis-

446 4035 563 4113 putans
593 4028 715 4113 primus
745 4028 934 4110 elaborasti,
974 4035 1010 4093 ut
1042 4028 1238 4095 luculentam
1272 4028 1447 4112 imaginem
1476 4030 1628 4114 antiquae
1657 4032 1746 4098 urbis
1776 4053 1794 4098 e

446 4148 550 4214 demis
573 4148 771 4233 compositae
794 4149 900 4213 animo
921 4148 1129 4214 informares:
1163 4170 1245 4233 quae
1274 4149 1382 4233 imago
1412 4171 1472 4215 sua
1503 4170 1537 4215 se
1567 4150 1640 4234 ipsa
1670 4152 1796 4238 simpli·
1875 4177 1878 4183 ·

447 4269 544 4335 citate
567 4268 785 4349 commendat,
820 4275 856 4334 ut
880 4290 958 4335 sane
981 4271 1137 4335 vellemus
1161 4270 1358 4336 Clisthenem
1381 4270 1427 4336 ita
1449 4270 1496 4336 rei
1518 4272 1668 4356 publicae
1691 4273 1794 4339 ordini

446 4389 692 4471 cousuluisseil.
748 4389 814 4455 Sed
843 4409 928 4471 quse
957 4389 1004 4455 ibi
1032 4411 1064 4475 p.
1095 4395 1128 4453 11
1163 4391 1338 4476 composita
1368 4398 1459 4474 sunt,
1489 4399 1525 4458 ut
1553 4388 1655 4478 κώμας
1684 4400 1793 4479 partes

534 4701 550 4763 ¹)
573 4701 669 4754 Loako
693 4701 736 4753 dia
761 4700 865 4753 Demea
889 4718 938 4752 oon
966 4701 1070 4754 Attica.
1122 4703 1270 4755 Urbersctzt
1293 4719 1344 4755 vora
1367 4704 1402 4754 A.
1431 4703 1614 4758 Wcstcrmuun
1636 4722 1664 4775 p.
1684 4706 1727 4757 22.
1747 4707 1789 4758 25.

445 4785 478 4837 E.
499 4784 583 4838 Kuhn
601 4785 667 4838 iiber
684 4786 724 4839 dic
743 4787 905 4855 Entstehunp
923 4787 972 4840 der
991 4788 1084 4839 sordre
1103 4788 1151 4840 dor
1168 4787 1251 4840 Alton
1268 4804 1294 4856 p.
1312 4790 1353 4840 titt.
1375 4790 1416 4841 ot.

531 4872 549 4937 2)
572 4873 604 4925 Ε.
626 4872 740 4926 Curtius
764 4873 792 4926 in
818 4873 886 4924 Abla.
913 4871 960 4924 der
978 4872 1056 4926 Berl.
1076 4873 1167 4926 Abad.
1198 4874 1260 4925 1851
1281 4891 1309 4944 p.
1330 4877 1436 4947 tlbsq.
1474 4875 1580 4932 Gurlitt
1604 4878 1640 4932 do
1659 4879 1792 4948 tetrapoli
1819 4871 1821 4875 ’

444 4955 553 5011 Attica.
573 4957 726 5025 Gottingae
747 4958 823 5010 isos.
860 4959 893 5012 E.
914 4958 998 5012 Kuhn
1016 4960 1035 5012 l.
1056 4958 1074 5012 l.
1095 4976 1122 5028 p.
1138 4960 1179 5010 59.

530 5043 550 5110 ³)
572 5044 608 5099 do
627 5043 717 5100 demis
737 5043 851 5101 urbanis
869 5039 1054 5103 Athenarum.
1076 5044 1182 5103 Viruar.
1207 5047 1270 5098 usto
1288 5061 1316 5117 p.
1332 5049 1364 5099 23
1378 5062 1420 5120 sq.
