4444 6392
553 1580 625 1679 llll
644 1581 911 1724 ‚munstur
941 1581 1246 1681 Pseudolus
1278 1579 1491 1680 titulis

954 1808 1090 1852 subtusus

704 1949 964 2020 obruendus
991 1949 1346 2020 ultusultultuslt

440 2282 528 2348 Inter
556 2289 761 2349 monumenta
789 2283 930 2350 litterata
958 2304 1041 2366 quae
1067 2283 1225 2348 Henrious
1248 2283 1455 2349 Subliemann
1485 2301 1569 2347 anno
1600 2282 1696 2347 buius

355 2404 478 2469 saeeuli
500 2405 737 2488 septuagesimo
759 2404 862 2489 primo
885 2405 918 2469 in
941 2404 1108 2470 ruderibus
1131 2404 1183 2469 llii
1205 2405 1280 2470 novi
1302 2403 1433 2486 invenit,
1464 2403 1548 2488 lapis
1572 2402 1696 2486 estqui

356 2524 542 2608 proxenism
558 2525 600 2590 ab
616 2524 789 2590 Iliensibus
804 2525 951 2590 Menelao
966 2525 1091 2590 enidam
1109 2523 1299 2590 Atheniensi
1321 2525 1482 2590 decretam
1506 2523 1647 2590 eontinet
1658 2526 1693 2608 ¹).

356 2642 426 2721 Quo
455 2645 697 2730 privilegiorum
727 2665 845 2730 genere
874 2646 955 2711 nihil
984 2651 1034 2712 est
1062 2645 1261 2730 frequentius
1290 2646 1372 2711 inter
1401 2645 1524 2710 litteras
1550 2645 1697 2730 publicas

356 2785 439 2846 quae
468 2765 631 2850 lapidibus
656 2767 777 2832 inuisae
800 2773 945 2844 exstant;
979 2787 1080 2850 eaque
1103 2768 1290 2852 plerumque
1312 2771 1518 2850 argumento,
1552 2765 1697 2831 formulis

356 2886 571 2970 solemnibus,
604 2894 669 2953 toto
692 2888 829 2972 denique
852 2887 981 2954 dicendi
1003 2908 1122 2972 genere
1145 2893 1210 2952 tam
1233 2887 1354 2952 similia
1376 2893 1451 2952 sunt
1471 2887 1555 2952 inter
1576 2905 1629 2969 se,
1661 2892 1698 2951 ut

356 3007 410 3071 vin
433 3028 473 3072 ex
495 3009 553 3074 tali
575 3008 667 3074 titulo
689 3009 764 3075 novi
786 3009 956 3093 quiequam
979 3009 1060 3075 disoi
1082 3028 1176 3094 posse
1192 3027 1315 3093 speres.
1354 3007 1401 3072 Ao
1416 3013 1523 3073 tamen
1537 3006 1693 3088 tabulam,

356 3127 397 3192 de
421 3147 486 3210 qna
507 3128 600 3195 modo
622 3129 707 3212 dixi,
740 3129 783 3194 ad
811 3129 997 3196 memoriam
1024 3150 1128 3196 rerum
1152 3135 1315 3211 gestamm
1338 3127 1551 3213 supplendam
1573 3127 1698 3209 aliquid

355 3247 499 3314 conferre
521 3248 794 3316 demonstraturus
817 3271 897 3316 sum.
939 3249 1033 3328 Quod
1053 3250 1163 3334 proeul
1179 3249 1276 3315 dubio
1291 3249 1479 3316 iamdudum
1494 3249 1696 3314 observatum
1804 3249 1812 3268 '

356 3375 460 3452 esset,
494 3370 558 3435 nisi
588 3371 692 3436 editor
720 3369 760 3436 de
791 3378 897 3437 aetate
926 3371 1011 3437 tituli
1039 3371 1145 3436 minus
1167 3377 1252 3436 reete
1275 3370 1493 3436 iudicavisset.
1540 3369 1573 3434 Is
1596 3369 1692 3450 enim,

356 3497 509 3572 quantum
533 3511 572 3557 ex
595 3493 772 3558 litterarum
794 3491 904 3557 formis
927 3491 1098 3557 diiudicari
1120 3492 1228 3573 liceat,
1254 3512 1327 3556 eum
1350 3491 1451 3576 primo
1473 3489 1693 3556 salechan.

355 3612 484 3677 saeeulo
513 3612 761 3678 adscribendum
790 3612 982 3698 pronuntiet.
1030 3612 1096 3679 Sed
1125 3613 1156 3678 in
1180 3612 1241 3677 lrao
1263 3631 1297 3676 re
1319 3630 1513 3695 magnopere
1543 3611 1698 3676 erraverit

354 3751 487 3798 neeesse
521 3739 571 3800 est
602 3733 696 3799 homo
729 3733 911 3816 ceteroquin
944 3732 986 3800 de
1019 3733 1218 3817 antiquitatis
1250 3731 1483 3798 remotissimae
1517 3730 1696 3815 cognitione

356 3853 475 3938 optime
491 3854 634 3920 meritus.
674 3855 766 3933 Quod
783 3875 844 3938 quo
859 3855 976 3920 alarius
991 3862 1157 3939 appareat,
1184 3855 1256 3939 ipsa
1269 3852 1354 3918 tituli
1369 3852 1469 3917 verba
1482 3849 1697 3918 adsoribenda

355 3980 431 4058 puto
454 3982 601 4042 aoeurate
625 3994 780 4061 expressa
800 3997 840 4042 ex
862 3981 977 4061 eetypo
999 3974 1178 4059 ohartueeo,
1207 3973 1295 4057 quod
1316 3975 1354 4038 Ε.
1381 3971 1482 4038 Curtii
1505 3971 1696 4056 benignitati

355 4101 521 4180 acceptum
544 4097 659 4162 refero.
705 4097 776 4162 Hoo
796 4097 895 4180 igitur
915 4097 963 4162 sie
985 4115 1020 4162 se
1043 4096 1156 4162 habet:

648 4213 1413 4284 ΙΛΙΕΙΣΕΔΟΣΑΝΜΕΝΕΛΑΩΙ
1501 4265 1507 4273 .

643 4317 1412 4387 ΑΡΡΑΒΑΙΟΥΑΘΗΝΑΙΩΙΕΥΕΡ

647 4421 1411 4489 ΓΕΤΗΙΓΕΝΟΜΕΝΩΙΑΥΤΩΝ

647 4525 1415 4592 ΚΑΙΠΕΡΙΤΗΝΕΛΕΥΘΕΡΙΑΝ

561 4645 576 4692 5
646 4628 1411 4696 ΙΙΝΔΡΙΑΓΑΘΩΙΓΕΝΟΜΕΝΩΙ

648 4722 1443 4842 ἻῐΕΝΙΑΝΚΑΙΕΥΕΡΓΕΣΙΑμ

353 4852 449 4927 Ἰλιεῖς
471 4853 580 4920 ἔδοσαν
606 4851 754 4943 Μενελάῳ
780 4855 785 4941 Ι
808 4851 987 4942 Ἀρραβαίου
1008 4850 1175 4942 Ἀθηναίῳ,
1202 4849 1352 4941 εὖερΙγέτῃ
1375 4853 1531 4939 γενομένῳ
1556 4847 1665 4934 αὑτῶν,
1693 4852 1698 4938 Ι

355 4956 405 5022 καὶ
419 4957 487 5045 περὶ
502 4955 555 5045 τνΙν
571 4959 746 5047 ἐλευθερίαν
762 4957 767 5047 Ι
789 4955 899 5046 ΙᾶΙνὸρὶ
918 4954 1027 5045 ἀγαθῷ
1041 4959 1204 5044 γενομένῳ,
1223 4955 1228 5044 Ι
1247 4959 1323 5044 [προ]
1330 4956 1426 5028 ξενίαν
1442 4955 1493 5020 καὶ
1509 4951 1694 5042 εὐεργεσίαν.

443 5134 458 5196 ¹)
481 5133 606 5187 Titulum
630 5132 722 5188 edidit
746 5131 959 5188 Sohllemsnuus
982 5131 1204 5202 Arcbc'tolopr'sebe
1230 5129 1342 5200 Merop
1366 5128 1465 5184 XXIX
1485 5129 1571 5194 (1812)
1600 5145 1627 5199 p.
1650 5130 1698 5180 170

355 5236 381 5272 u.
403 5220 427 5272 2.
470 5219 642 5288 Trnjaniacts
660 5219 845 5274 Altertttmsr
862 5219 976 5288 Lipsius
997 5219 1060 5270 latr
1080 5234 1107 5288 p.
1131 5218 1161 5268 12
1180 5223 1211 5272 et
1228 5216 1287 5272 tab.
1308 5217 1351 5271 29.
