4206 6248
479 627 499 688 6
660 629 662 633 ’
752 626 784 678 E.
807 625 969 681 CURTIUS
989 626 1039 680 DE
1060 627 1093 678 A.
1115 626 1239 680 PERSll
1259 625 1395 681 FLACCl
1413 626 1559 680 PA'PRIA

481 813 604 896 densat,
630 834 765 896 quarum
779 814 875 894 ,cives
898 814 1078 880 libertatem
1101 821 1210 880 eontra
1233 815 1386 880 barbaros
1405 814 1542 881 feliciter
1556 821 1683 880 tuentes
1698 815 1828 880 immor-

480 934 578 1000 talem
608 934 696 1020 apud
724 941 870 1020 posteros
892 934 1021 1001 laudem
1045 935 1264 1023 acquirerent,
1297 941 1406 1000 tamen
1431 956 1494 1001 non
1517 954 1646 1021 prorsus
1669 935 1828 1001 exstincta

481 1061 531 1120 est
553 1075 662 1120 eorum
685 1055 848 1138 memoria,
874 1056 1055 1139 bonumque
1078 1075 1188 1122 semen
1210 1064 1315 1123 terrae
1338 1055 1525 1122 mandatum
1547 1076 1610 1120 non
1632 1075 1763 1141 prorsus
1778 1056 1828 1120 in-

483 1175 561 1240 utile
587 1175 666 1242 fuit:
702 1175 860 1259 siquidem
884 1176 980 1242 etiarn
1001 1175 1086 1242 inter·
1107 1177 1261 1242 barbaros
1283 1177 1337 1261 qui
1360 1177 1442 1242 haec
1464 1177 1535 1241 loca
1556 1176 1739 1242 incolebant
1761 1176 1829 1242 dis-

481 1295 620 1380 ciplinae
641 1316 778 1380 graecae
801 1296 941 1380 vestigia
962 1316 1026 1362 non
1049 1304 1258 1363 evanuerunt.
1297 1305 1300 1308 '
1414 1382 1416 1386 Α

568 1417 675 1483 Testis
704 1422 755 1482 est
780 1416 820 1480 Α.
854 1417 982 1483 Persius
998 1398 1256 1500 Volaterranos,
1298 1418 1338 1484 de
1375 1419 1465 1484 cuius
1500 1417 1604 1503 patria
1632 1439 1715 1501 quae
1745 1418 1828 1485 inter

482 1537 566 1602 viros
589 1537 698 1603 doctos
721 1537 880 1602 dissensio
903 1536 980 1620 fuit,
1013 1537 1077 1602 iam
1100 1538 1144 1604 ad
1166 1539 1246 1604 nihil
1264 1539 1392 1611 recidit.
1439 1539 1565 1604 Etenim
1589 1538 1616 1603 si
1639 1561 1659 1604 a
1680 1560 1829 1624 promon-

482 1658 562 1723 torio
584 1658 781 1744 Populoniae
808 1676 909 1740 usque
932 1658 974 1723 ad
996 1665 1121 1744 portum
1145 1661 1255 1726 Lunae
1279 1680 1366 1725 oram
1388 1659 1582 1724 maritimam
1604 1660 1654 1725 illi
1676 1661 1747 1725 urbi
1768 1683 1829 1746 pa-

483 1779 587 1844 ruisse
611 1787 695 1845 recte
719 1779 899 1863 statuimus,
926 1778 1006 1844 civis
1020 1780 1249 1846 Volaterranos
1270 1780 1355 1847 intra
1377 1781 1501 1865 patriae
1516 1779 1605 1845 urbis
1620 1780 1700 1846 fines
1716 1781 1828 1847 villam

483 1899 525 1968 ad
554 1899 658 1965 sinum
691 1900 873 1966 Lunensem
902 1900 1024 1967 habuit.
1079 1901 1172 1980 Quod
1198 1909 1306 1968 autem
1336 1908 1431 1987 poeta
1460 1901 1588 1967 natione
1615 1903 1740 1967 Tuscus
1770 1903 1828 1968 sed

483 2041 599 2105 graece
623 2020 777 2105 eruditus,
805 2020 974 2087 Graeciam
998 2029 1032 2088 ut
1054 2023 1189 2088 alteram
1212 2023 1349 2108 patriam
1371 2042 1494 2105 amans,
1525 2023 1667 2089 Platonis
1689 2023 1828 2090 imitator

483 2148 516 2213 ct
537 2141 722 2208 comoediae
745 2142 879 2226 atticae,
912 2143 995 2209 banc
1024 2164 1102 2229 prae
1131 2145 1247 2210 ceteris
1277 2145 1440 2228 regionem
1469 2142 1648 2227 adamavit,
1681 2165 1744 2210 non
1767 2144 1829 2209 mi-

482 2284 552 2332 rum
575 2269 633 2328 est.
674 2263 758 2328 Nam
781 2263 876 2329 etiam
900 2263 995 2330 bodie
1018 2265 1073 2348 qui
1088 2264 1258 2331 Graeciam
1281 2273 1400 2348 amant,
1427 2266 1512 2331 hunc
1534 2265 1639 2348 situm,
1666 2265 1773 2349 qualis
1794 2266 1829 2330 in

483 2383 580 2450 Italia
609 2384 721 2449 uniens
748 2390 815 2464 est,
848 2405 921 2450 cum
944 2386 1046 2452 Ennio
1069 2385 1266 2453 admirantes
1288 2407 1440 2472 graecum
1462 2407 1550 2453 mare
1573 2386 1699 2471 videre,
1733 2407 1828 2470 grae-

483 2527 553 2572 cam
576 2527 687 2572 auram
710 2505 941 2590 persentiscere
963 2507 1024 2573 sibi
1046 2508 1206 2575 videntur.

569 2626 662 2706 Quod
684 2633 792 2692 autem
814 2627 876 2692 hac
899 2628 1060 2695 scribendi
1082 2630 1248 2696 occasione
1271 2630 1380 2696 oblata
1400 2631 1434 2695 in
1448 2630 1532 2696 banc
1547 2630 1713 2696 materiam
1728 2629 1828 2696 incidi

482 2770 504 2829 a
532 2748 648 2814 studiis
678 2747 759 2818 meis
787 2749 896 2833 paullo
926 2749 1127 2834 alieniorem,
1161 2759 1330 2836 propterea
1360 2751 1569 2835 factumest,
1602 2751 1678 2835 quia
1700 2773 1771 2817 cum
1793 2752 1828 2817 in

483 2870 671 2944 Hsunsum
695 2869 833 2934 Ssueen
855 2869 1006 2937 honorem
1029 2872 1111 2938 liber
1132 2872 1277 2939 edendus
1300 2879 1396 2955 esset,
1422 2873 1503 2938 nibil
1526 2873 1605 2938 mibi
1624 2873 1763 2959 optatius
1779 2873 1829 2938 vi-

485 3011 555 3056 sum
578 2997 627 3056 est
648 3011 744 3073 qnam
767 2990 855 3056 illius
877 2991 1012 3076 itineris,
1038 2993 1123 3076 quod
1145 3000 1220 3059 ante
1243 2994 1301 3060 bos
1323 2994 1389 3058 XII
1411 3013 1511 3059 annos
1534 3014 1598 3059 una
1619 3015 1677 3080 per
1698 2995 1826 3060 ltaliam

484 3111 629 3195 fecimus,
656 3111 881 3177 suavissimam
904 3114 1090 3179 memoriam
1113 3116 1264 3182 recolere.
1311 3116 1395 3179 Nam
1420 3136 1525 3198 neque
1548 3115 1583 3180 in
1604 3116 1669 3181 otio
1691 3116 1828 3182 feliciter

486 3233 621 3299 fruendo
643 3253 747 3317 neque
769 3233 803 3299 in
825 3234 1011 3300 muneribus
1033 3236 1170 3321 publicis
1194 3243 1322 3302 strenue
1345 3235 1502 3302 obeundis
1530 3257 1634 3320 neque
1656 3237 1690 3302 in
1713 3237 1828 3303 studiis

483 3354 661 3421 litterarum
683 3361 715 3420 et
736 3355 852 3420 artium
876 3354 1023 3422 fovendis
1046 3357 1147 3422 ullum
1170 3357 1269 3423 habui
1288 3359 1500 3424 consultorem
1519 3358 1748 3441 benigniorem,
1776 3377 1829 3425 so-

484 3476 568 3550 cium
591 3475 823 3558 amabiliorem,
850 3476 987 3542 amicum
1010 3476 1115 3561 magis
1137 3477 1236 3543 fidum
1260 3485 1292 3545 et
1314 3479 1473 3545 sincerum
1489 3500 1583 3563 quam
1602 3480 1828 3546 Hssnnsuun

484 3595 668 3662 Ssusmuu.
