<?xml version="1.0" encoding="UTF-8"?>
<!DOCTYPE html PUBLIC "-//W3C//DTD XHTML 1.0 Transitional//EN"
    "http://www.w3.org/TR/xhtml1/DTD/xhtml1-transitional.dtd">
<html xmlns="http://www.w3.org/1999/xhtml" xml:lang="en" lang="en">
 <head>
  <title>
</title>
<meta http-equiv="Content-Type" content="text/html;charset=utf-8" />
  <meta name='ocr-system' content='tesseract 3.04.00' />
  <meta name='ocr-capabilities' content='ocr_page ocr_carea ocr_par ocr_line ocrx_word'/>
</head>
<body>
  <div class='ocr_page' id='page_1' title='image "./satvraphilologa00unkngoog_0148.png"; bbox 0 0 4452 6384; ppageno 0'>
   <div class='ocr_carea' id='block_1_1' title="bbox 805 724 1690 790">
    <p class='ocr_par' dir='ltr' id='par_1_1' title="bbox 805 724 1690 790">
     <span class='ocr_line' id='line_1_1' title="bbox 805 724 1690 790; baseline 0.005 -8"><span class='ocrx_word' id='word_1_1' title='bbox 805 725 855 782; x_wconf 84' lang='lat' dir='ltr'><strong>DE</strong></span> <span class='ocrx_word' id='word_1_2' title='bbox 874 725 1057 782; x_wconf 74' lang='lat' dir='ltr'><strong>Pauueuu</strong></span> <span class='ocrx_word' id='word_1_3' title='bbox 1077 724 1228 784; x_wconf 74' lang='lat' dir='ltr'><strong>mustum</strong></span> <span class='ocrx_word' id='word_1_4' title='bbox 1631 726 1690 790; x_wconf 78' lang='grc'><strong>137</strong></span> 
     </span>
    </p>
   </div>
   <div class='ocr_carea' id='block_1_2' title="bbox 343 912 1781 2335">
    <p class='ocr_par' dir='ltr' id='par_1_2' title="bbox 343 912 1781 2335">
     <span class='ocr_line' id='line_1_2' title="bbox 343 912 1688 1003; baseline 0.004 -27"><span class='ocrx_word' id='word_1_5' title='bbox 343 912 412 978; x_wconf 91' lang='lat' dir='ltr'><strong>Hoo</strong></span> <span class='ocrx_word' id='word_1_6' title='bbox 440 913 535 996; x_wconf 87' lang='lat' dir='ltr'><strong>quale</strong></span> <span class='ocrx_word' id='word_1_7' title='bbox 566 914 607 981; x_wconf 91' lang='lat' dir='ltr'><strong>sit</strong></span> <span class='ocrx_word' id='word_1_8' title='bbox 635 915 888 984; x_wconf 82' lang='lat' dir='ltr'>luculentissime</span> <span class='ocrx_word' id='word_1_9' title='bbox 917 924 1053 1003; x_wconf 84' lang='lat' dir='ltr'><strong>apparet</strong></span> <span class='ocrx_word' id='word_1_10' title='bbox 1082 918 1211 984; x_wconf 87' lang='lat' dir='ltr'><strong>eonlata</strong></span> <span class='ocrx_word' id='word_1_11' title='bbox 1240 915 1429 1000; x_wconf 83' lang='lat' dir='ltr'><strong>Theogonia</strong></span> <span class='ocrx_word' id='word_1_12' title='bbox 1458 937 1489 981; x_wconf 89' lang='lat' dir='ltr'><strong>v.</strong></span> <span class='ocrx_word' id='word_1_13' title='bbox 1517 918 1579 980; x_wconf 79' lang='lat'><strong>570</strong></span> <span class='ocrx_word' id='word_1_14' title='bbox 1603 934 1688 998; x_wconf 69' lang='lat' dir='ltr'><strong>sqq,</strong></span> 
     </span>
     <span class='ocr_line' id='line_1_3' title="bbox 344 1032 1691 1122; baseline 0.001 -24"><span class='ocrx_word' id='word_1_15' title='bbox 344 1032 429 1100; x_wconf 92' lang='lat' dir='ltr'><strong>unde</strong></span> <span class='ocrx_word' id='word_1_16' title='bbox 451 1032 611 1120; x_wconf 86' lang='lat' dir='ltr'><strong>desumpti</strong></span> <span class='ocrx_word' id='word_1_17' title='bbox 634 1045 710 1102; x_wconf 87' lang='lat' dir='ltr'><strong>sunt</strong></span> <span class='ocrx_word' id='word_1_18' title='bbox 731 1059 762 1102; x_wconf 91' lang='lat' dir='ltr'><strong>v.</strong></span> <span class='ocrx_word' id='word_1_19' title='bbox 782 1043 818 1118; x_wconf 79' lang='lat' dir='ltr'><strong>ii</strong></span> <span class='ocrx_word' id='word_1_20' title='bbox 845 1045 878 1105; x_wconf 92' lang='lat' dir='ltr'><strong>et</strong></span> <span class='ocrx_word' id='word_1_21' title='bbox 900 1043 958 1104; x_wconf 80' lang='lat'><strong>72:</strong></span> <span class='ocrx_word' id='word_1_22' title='bbox 988 1039 1055 1105; x_wconf 91' lang='lat' dir='ltr'><strong>illie</strong></span> <span class='ocrx_word' id='word_1_23' title='bbox 1076 1039 1162 1104; x_wconf 89' lang='lat' dir='ltr'><strong>enim</strong></span> <span class='ocrx_word' id='word_1_24' title='bbox 1185 1058 1242 1122; x_wconf 90' lang='lat' dir='ltr'><strong>per</strong></span> <span class='ocrx_word' id='word_1_25' title='bbox 1263 1038 1457 1104; x_wconf 77' lang='lat' dir='ltr'>narrationis</span> <span class='ocrx_word' id='word_1_26' title='bbox 1481 1043 1621 1102; x_wconf 88' lang='lat' dir='ltr'><strong>tenorem</strong></span> <span class='ocrx_word' id='word_1_27' title='bbox 1644 1035 1691 1100; x_wconf 92' lang='lat' dir='ltr'><strong>ie-</strong></span> 
     </span>
     <span class='ocr_line' id='line_1_4' title="bbox 345 1153 1688 1245; baseline 0.001 -26"><span class='ocrx_word' id='word_1_28' title='bbox 345 1153 428 1220; x_wconf 86' lang='lat' dir='ltr'><strong>niter</strong></span> <span class='ocrx_word' id='word_1_29' title='bbox 449 1154 609 1240; x_wconf 89' lang='lat' dir='ltr'><strong>profluunt</strong></span> <span class='ocrx_word' id='word_1_30' title='bbox 629 1179 712 1241; x_wconf 86' lang='lat' dir='ltr'><strong>quoe</strong></span> <span class='ocrx_word' id='word_1_31' title='bbox 735 1158 795 1224; x_wconf 89' lang='lat' dir='ltr'><strong>hoe</strong></span> <span class='ocrx_word' id='word_1_32' title='bbox 817 1159 887 1226; x_wconf 91' lang='lat' dir='ltr'><strong>loeo</strong></span> <span class='ocrx_word' id='word_1_33' title='bbox 910 1168 983 1245; x_wconf 86' lang='lat' dir='ltr'><strong>post</strong></span> <span class='ocrx_word' id='word_1_34' title='bbox 1004 1161 1109 1244; x_wconf 82' lang='lat' dir='ltr'>ipsam</span> <span class='ocrx_word' id='word_1_35' title='bbox 1131 1159 1218 1226; x_wconf 86' lang='lat' dir='ltr'><strong>Iovis</strong></span> <span class='ocrx_word' id='word_1_36' title='bbox 1242 1179 1350 1225; x_wconf 89' lang='lat' dir='ltr'><strong>veeem</strong></span> <span class='ocrx_word' id='word_1_37' title='bbox 1369 1158 1556 1224; x_wconf 82' lang='lat' dir='ltr'><strong>duriuscule</strong></span> <span class='ocrx_word' id='word_1_38' title='bbox 1570 1163 1688 1222; x_wconf 87' lang='lat' dir='ltr'><strong>essent.</strong></span> 
     </span>
     <span class='ocr_line' id='line_1_5' title="bbox 343 1276 1691 1364; baseline 0.003 -25"><span class='ocrx_word' id='word_1_39' title='bbox 343 1276 436 1342; x_wconf 93' lang='lat' dir='ltr'><strong>Hune</strong></span> <span class='ocrx_word' id='word_1_40' title='bbox 458 1283 566 1342; x_wconf 90' lang='lat' dir='ltr'><strong>autem</strong></span> <span class='ocrx_word' id='word_1_41' title='bbox 589 1300 662 1344; x_wconf 89' lang='lat' dir='ltr'><strong>oum</strong></span> <span class='ocrx_word' id='word_1_42' title='bbox 684 1278 870 1364; x_wconf 84' lang='lat' dir='ltr'><strong>Theogouia</strong></span> <span class='ocrx_word' id='word_1_43' title='bbox 884 1301 1075 1346; x_wconf 90' lang='lat' dir='ltr'><strong>eonsensum</strong></span> <span class='ocrx_word' id='word_1_44' title='bbox 1098 1279 1340 1346; x_wconf 78' lang='lat' dir='ltr'><strong>dissentientem</strong></span> <span class='ocrx_word' id='word_1_45' title='bbox 1364 1300 1426 1362; x_wconf 93' lang='lat' dir='ltr'><strong>quo</strong></span> <span class='ocrx_word' id='word_1_46' title='bbox 1449 1278 1517 1346; x_wconf 90' lang='lat' dir='ltr'><strong>inre</strong></span> <span class='ocrx_word' id='word_1_47' title='bbox 1540 1277 1691 1345; x_wconf 85' lang='lat' dir='ltr'><strong>Steitzius</strong></span> 
     </span>
     <span class='ocr_line' id='line_1_6' title="bbox 344 1395 1688 1485; baseline 0.004 -25"><span class='ocrx_word' id='word_1_48' title='bbox 344 1395 483 1463; x_wconf 82' lang='lat' dir='ltr'><strong>affirmet</strong></span> <span class='ocrx_word' id='word_1_49' title='bbox 504 1399 732 1484; x_wconf 78' lang='lat' dir='ltr'><strong>particularum</strong></span> <span class='ocrx_word' id='word_1_50' title='bbox 759 1421 840 1484; x_wconf 88' lang='lat' dir='ltr'><strong>quas</strong></span> <span class='ocrx_word' id='word_1_51' title='bbox 869 1409 1043 1468; x_wconf 86' lang='lat' dir='ltr'><strong>traetamus</strong></span> <span class='ocrx_word' id='word_1_52' title='bbox 1066 1402 1159 1468; x_wconf 86' lang='lat' dir='ltr'><strong>alteri</strong></span> <span class='ocrx_word' id='word_1_53' title='bbox 1189 1400 1388 1485; x_wconf 86' lang='lat' dir='ltr'><strong>potissimum</strong></span> <span class='ocrx_word' id='word_1_54' title='bbox 1412 1399 1508 1466; x_wconf 87' lang='lat' dir='ltr'><strong>fidem</strong></span> <span class='ocrx_word' id='word_1_55' title='bbox 1531 1400 1637 1466; x_wconf 78' lang='lat' dir='ltr'><strong>faeere</strong></span> <span class='ocrx_word' id='word_1_56' title='bbox 1653 1402 1688 1482; x_wconf 74' lang='lat'><strong>¹),</strong></span> 
     </span>
     <span class='ocr_line' id='line_1_7' title="bbox 344 1519 1691 1612; baseline 0.002 -29"><span class='ocrx_word' id='word_1_57' title='bbox 344 1539 395 1584; x_wconf 91' lang='lat' dir='ltr'><strong>me</strong></span> <span class='ocrx_word' id='word_1_58' title='bbox 425 1539 489 1584; x_wconf 91' lang='lat' dir='ltr'><strong>non</strong></span> <span class='ocrx_word' id='word_1_59' title='bbox 515 1520 702 1604; x_wconf 76' lang='lat' dir='ltr'><strong>intellegere</strong></span> <span class='ocrx_word' id='word_1_60' title='bbox 731 1523 843 1588; x_wconf 84' lang='lat' dir='ltr'><strong>fateor.</strong></span> <span class='ocrx_word' id='word_1_61' title='bbox 899 1521 1026 1590; x_wconf 80' lang='lat' dir='ltr'><strong>Etenim</strong></span> <span class='ocrx_word' id='word_1_62' title='bbox 1056 1521 1131 1588; x_wconf 88' lang='lat' dir='ltr'><strong>talis</strong></span> <span class='ocrx_word' id='word_1_63' title='bbox 1160 1541 1337 1592; x_wconf 83' lang='lat' dir='ltr'><strong>consensus</strong></span> <span class='ocrx_word' id='word_1_64' title='bbox 1369 1529 1404 1587; x_wconf 89' lang='lat' dir='ltr'><strong>ut</strong></span> <span class='ocrx_word' id='word_1_65' title='bbox 1433 1541 1473 1588; x_wconf 83' lang='lat' dir='ltr'><strong>ex</strong></span> <span class='ocrx_word' id='word_1_66' title='bbox 1502 1519 1691 1612; x_wconf 83' lang='lat' dir='ltr'><strong>repetitione</strong></span> 
     </span>
     <span class='ocr_line' id='line_1_8' title="bbox 345 1639 1692 1728; baseline 0.002 -25"><span class='ocrx_word' id='word_1_67' title='bbox 345 1639 437 1724; x_wconf 85' lang='lat' dir='ltr'><strong>epiea</strong></span> <span class='ocrx_word' id='word_1_68' title='bbox 476 1642 630 1726; x_wconf 84' lang='lat' dir='ltr'><strong>explicari</strong></span> <span class='ocrx_word' id='word_1_69' title='bbox 668 1649 789 1728; x_wconf 87' lang='lat' dir='ltr'><strong>potest,</strong></span> <span class='ocrx_word' id='word_1_70' title='bbox 833 1643 990 1727; x_wconf 89' lang='lat' dir='ltr'><strong>siquidem</strong></span> <span class='ocrx_word' id='word_1_71' title='bbox 1031 1649 1163 1726; x_wconf 91' lang='lat' dir='ltr'><strong>uterque</strong></span> <span class='ocrx_word' id='word_1_72' title='bbox 1204 1643 1294 1709; x_wconf 90' lang='lat' dir='ltr'><strong>loeus</strong></span> <span class='ocrx_word' id='word_1_73' title='bbox 1327 1644 1368 1709; x_wconf 90' lang='lat' dir='ltr'><strong>ab</strong></span> <span class='ocrx_word' id='word_1_74' title='bbox 1402 1640 1545 1708; x_wconf 88' lang='lat' dir='ltr'><strong>eiusdem</strong></span> <span class='ocrx_word' id='word_1_75' title='bbox 1578 1647 1692 1726; x_wconf 90' lang='lat' dir='ltr'><strong>poetae</strong></span> 
     </span>
     <span class='ocr_line' id='line_1_9' title="bbox 345 1762 1691 1848; baseline 0.001 -24"><span class='ocrx_word' id='word_1_76' title='bbox 345 1780 442 1825; x_wconf 92' lang='lat' dir='ltr'><strong>manu</strong></span> <span class='ocrx_word' id='word_1_77' title='bbox 464 1763 516 1828; x_wconf 85' lang='lat' dir='ltr'><strong>vel</strong></span> <span class='ocrx_word' id='word_1_78' title='bbox 539 1781 579 1827; x_wconf 80' lang='lat' dir='ltr'><strong>eu</strong></span> <span class='ocrx_word' id='word_1_79' title='bbox 601 1763 745 1828; x_wconf 89' lang='lat' dir='ltr'><strong>eiusdem</strong></span> <span class='ocrx_word' id='word_1_80' title='bbox 768 1763 960 1848; x_wconf 82' lang='lat' dir='ltr'><strong>disciplinae</strong></span> <span class='ocrx_word' id='word_1_81' title='bbox 982 1765 1125 1830; x_wconf 86' lang='lat' dir='ltr'><strong>earmine</strong></span> <span class='ocrx_word' id='word_1_82' title='bbox 1146 1763 1308 1847; x_wconf 80' lang='lat' dir='ltr'><strong>profectus</strong></span> <span class='ocrx_word' id='word_1_83' title='bbox 1332 1769 1397 1844; x_wconf 90' lang='lat' dir='ltr'><strong>est,</strong></span> <span class='ocrx_word' id='word_1_84' title='bbox 1432 1763 1478 1829; x_wconf 90' lang='lat' dir='ltr'><strong>ita</strong></span> <span class='ocrx_word' id='word_1_85' title='bbox 1499 1783 1562 1828; x_wconf 89' lang='lat' dir='ltr'><strong>nou</strong></span> <span class='ocrx_word' id='word_1_86' title='bbox 1585 1762 1691 1827; x_wconf 90' lang='lat' dir='ltr'><strong>minus</strong></span> 
     </span>
     <span class='ocr_line' id='line_1_10' title="bbox 345 1881 1689 1970; baseline 0.001 -24"><span class='ocrx_word' id='word_1_87' title='bbox 345 1881 426 1947; x_wconf 89' lang='lat' dir='ltr'><strong>bene</strong></span> <span class='ocrx_word' id='word_1_88' title='bbox 448 1881 489 1947; x_wconf 90' lang='lat' dir='ltr'><strong>ad</strong></span> <span class='ocrx_word' id='word_1_89' title='bbox 513 1883 723 1949; x_wconf 89' lang='lat' dir='ltr'><strong>imitationem</strong></span> <span class='ocrx_word' id='word_1_90' title='bbox 747 1885 857 1950; x_wconf 84' lang='lat' dir='ltr'><strong>referri</strong></span> <span class='ocrx_word' id='word_1_91' title='bbox 879 1891 1002 1970; x_wconf 88' lang='lat' dir='ltr'><strong>potest,</strong></span> <span class='ocrx_word' id='word_1_92' title='bbox 1032 1883 1060 1950; x_wconf 90' lang='lat' dir='ltr'><strong>si</strong></span> <span class='ocrx_word' id='word_1_93' title='bbox 1083 1885 1164 1950; x_wconf 86' lang='lat' dir='ltr'><strong>alter</strong></span> <span class='ocrx_word' id='word_1_94' title='bbox 1186 1885 1275 1950; x_wconf 85' lang='lat' dir='ltr'><strong>loeus</strong></span> <span class='ocrx_word' id='word_1_95' title='bbox 1298 1883 1476 1970; x_wconf 84' lang='lat' dir='ltr'><strong>suspitione</strong></span> <span class='ocrx_word' id='word_1_96' title='bbox 1497 1905 1560 1949; x_wconf 93' lang='lat' dir='ltr'><strong>non</strong></span> <span class='ocrx_word' id='word_1_97' title='bbox 1583 1889 1689 1948; x_wconf 85' lang='lat' dir='ltr'><strong>vacat.</strong></span> 
     </span>
     <span class='ocr_line' id='line_1_11' title="bbox 345 2001 1690 2090; baseline 0.001 -24"><span class='ocrx_word' id='word_1_98' title='bbox 345 2001 535 2068; x_wconf 88' lang='lat' dir='ltr'><strong>Imitationis</strong></span> <span class='ocrx_word' id='word_1_99' title='bbox 565 2011 672 2070; x_wconf 89' lang='lat' dir='ltr'><strong>autem</strong></span> <span class='ocrx_word' id='word_1_100' title='bbox 702 2005 840 2090; x_wconf 81' lang='lat' dir='ltr'><strong>vestigia</strong></span> <span class='ocrx_word' id='word_1_101' title='bbox 868 2005 996 2072; x_wconf 93' lang='lat' dir='ltr'><strong>omnino</strong></span> <span class='ocrx_word' id='word_1_102' title='bbox 1025 2003 1073 2071; x_wconf 92' lang='lat' dir='ltr'><strong>eis</strong></span> <span class='ocrx_word' id='word_1_103' title='bbox 1099 2007 1181 2090; x_wconf 69' lang='lat' dir='ltr'><strong>&#39;quos</strong></span> <span class='ocrx_word' id='word_1_104' title='bbox 1211 2005 1435 2072; x_wconf 80' lang='lat' dir='ltr'><strong>damnavimus</strong></span> <span class='ocrx_word' id='word_1_105' title='bbox 1458 2005 1604 2072; x_wconf 87' lang='lat' dir='ltr'><strong>versibus</strong></span> <span class='ocrx_word' id='word_1_106' title='bbox 1627 2023 1690 2068; x_wconf 93' lang='lat' dir='ltr'><strong>non</strong></span> 
     </span>
     <span class='ocr_line' id='line_1_12' title="bbox 345 2121 1692 2212; baseline 0.001 -25"><span class='ocrx_word' id='word_1_107' title='bbox 345 2121 475 2205; x_wconf 88' lang='lat' dir='ltr'><strong>desunt,</strong></span> <span class='ocrx_word' id='word_1_108' title='bbox 509 2145 581 2190; x_wconf 91' lang='lat' dir='ltr'><strong>eum</strong></span> <span class='ocrx_word' id='word_1_109' title='bbox 611 2147 721 2192; x_wconf 88' lang='lat' dir='ltr'><strong>versus</strong></span> <span class='ocrx_word' id='word_1_110' title='bbox 751 2131 792 2192; x_wconf 83' lang='grc'><strong>73</strong></span> <span class='ocrx_word' id='word_1_111' title='bbox 816 2148 884 2212; x_wconf 88' lang='lat' dir='ltr'><strong>sqq.</strong></span> <span class='ocrx_word' id='word_1_112' title='bbox 910 2127 943 2192; x_wconf 93' lang='lat' dir='ltr'><strong>in</strong></span> <span class='ocrx_word' id='word_1_113' title='bbox 967 2127 1152 2192; x_wconf 86' lang='lat' dir='ltr'><strong>memorium</strong></span> <span class='ocrx_word' id='word_1_114' title='bbox 1179 2133 1326 2192; x_wconf 90' lang='lat' dir='ltr'><strong>revoeent</strong></span> <span class='ocrx_word' id='word_1_115' title='bbox 1348 2126 1527 2212; x_wconf 83' lang='lat' dir='ltr'><strong>speeiosius</strong></span> <span class='ocrx_word' id='word_1_116' title='bbox 1549 2125 1629 2190; x_wconf 90' lang='lat' dir='ltr'><strong>illud</strong></span> <span class='ocrx_word' id='word_1_117' title='bbox 1651 2143 1692 2190; x_wconf 85' lang='lat' dir='ltr'><strong>ex</strong></span> 
     </span>
     <span class='ocr_line' id='line_1_13' title="bbox 347 2241 1781 2335; baseline 0 -26"><span class='ocrx_word' id='word_1_118' title='bbox 347 2245 474 2328; x_wconf 77' lang='lat' dir='ltr'><strong>Cypriis</strong></span> <span class='ocrx_word' id='word_1_119' title='bbox 498 2245 713 2330; x_wconf 80' lang='lat' dir='ltr'><strong>fragmentum</strong></span> <span class='ocrx_word' id='word_1_120' title='bbox 741 2250 784 2333; x_wconf 80' lang='lat' dir='ltr'><strong>(p.</strong></span> <span class='ocrx_word' id='word_1_121' title='bbox 807 2251 846 2312; x_wconf 80' lang='lat'><strong>22</strong></span> <span class='ocrx_word' id='word_1_122' title='bbox 870 2248 1015 2332; x_wconf 77' lang='lat' dir='ltr'><strong>Kinkel.)</strong></span> <span class='ocrx_word' id='word_1_123' title='bbox 1044 2247 1154 2334; x_wconf 73' lang='lat' dir='ltr'><strong>sipara</strong></span> <span class='ocrx_word' id='word_1_124' title='bbox 1178 2248 1230 2334; x_wconf 82' lang='grc' dir='ltr'><strong>μὲν</strong></span> <span class='ocrx_word' id='word_1_125' title='bbox 1253 2247 1322 2335; x_wconf 77' lang='grc' dir='ltr'>χροῒ</span> <span class='ocrx_word' id='word_1_126' title='bbox 1346 2250 1424 2330; x_wconf 78' lang='grc' dir='ltr'><strong>ἕστο,</strong></span> <span class='ocrx_word' id='word_1_127' title='bbox 1450 2243 1487 2312; x_wconf 80' lang='grc' dir='ltr'><strong>τά</strong></span> <span class='ocrx_word' id='word_1_128' title='bbox 1509 2248 1538 2312; x_wconf 83' lang='lat' dir='ltr'><strong>oi</strong></span> <span class='ocrx_word' id='word_1_129' title='bbox 1560 2241 1691 2332; x_wconf 81' lang='grc' dir='ltr'><strong>Χάριτές</strong></span> <span class='ocrx_word' id='word_1_130' title='bbox 1777 2279 1781 2288; x_wconf 94' lang='grc'><strong><em>·</em></strong></span> 
     </span>
    </p>
   </div>
   <div class='ocr_carea' id='block_1_3' title="bbox 345 2359 1690 2456">
    <p class='ocr_par' dir='ltr' id='par_1_3' title="bbox 345 2359 1690 2456">
     <span class='ocr_line' id='line_1_14' title="bbox 345 2359 1690 2456; baseline 0.001 -27"><span class='ocrx_word' id='word_1_131' title='bbox 345 2390 377 2429; x_wconf 81' lang='grc' dir='ltr'><strong>τε</strong></span> <span class='ocrx_word' id='word_1_132' title='bbox 408 2365 459 2431; x_wconf 84' lang='grc' dir='ltr'><strong>καὶ</strong></span> <span class='ocrx_word' id='word_1_133' title='bbox 487 2359 578 2454; x_wconf 86' lang='grc' dir='ltr'><strong>Ὧραι</strong></span> <span class='ocrx_word' id='word_1_134' title='bbox 603 2369 732 2454; x_wconf 76' lang='grc' dir='ltr'>ποίησαν</span> <span class='ocrx_word' id='word_1_135' title='bbox 761 2368 812 2434; x_wconf 80' lang='grc' dir='ltr'><strong>καὶ</strong></span> <span class='ocrx_word' id='word_1_136' title='bbox 841 2369 957 2456; x_wconf 77' lang='grc' dir='ltr'>ἔβαψαν</span> <span class='ocrx_word' id='word_1_137' title='bbox 988 2372 1019 2435; x_wconf 80' lang='grc' dir='ltr'><strong>ἐν</strong></span> <span class='ocrx_word' id='word_1_138' title='bbox 1050 2361 1172 2434; x_wconf 61' lang='grc' dir='ltr'>ἄνθεσιν</span> <span class='ocrx_word' id='word_1_139' title='bbox 1209 2372 1398 2456; x_wconf 78' lang='lat' dir='ltr'><strong>eiupuueiuru:</strong></span> <span class='ocrx_word' id='word_1_140' title='bbox 1441 2387 1554 2434; x_wconf 83' lang='lat' dir='ltr'><strong>versus</strong></span> <span class='ocrx_word' id='word_1_141' title='bbox 1583 2372 1690 2432; x_wconf 81' lang='lat' dir='ltr'><strong>autem</strong></span> 
     </span>
    </p>
   </div>
   <div class='ocr_carea' id='block_1_4' title="bbox 343 2486 1694 3300">
    <p class='ocr_par' dir='ltr' id='par_1_4' title="bbox 343 2486 1694 3300">
     <span class='ocr_line' id='line_1_15' title="bbox 347 2486 1693 2574; baseline 0.001 -24"><span class='ocrx_word' id='word_1_142' title='bbox 347 2490 487 2553; x_wconf 79' lang='lat'><strong>77-80</strong></span> <span class='ocrx_word' id='word_1_143' title='bbox 503 2489 617 2556; x_wconf 86' lang='lat' dir='ltr'><strong>sicum</strong></span> <span class='ocrx_word' id='word_1_144' title='bbox 634 2490 779 2556; x_wconf 86' lang='lat' dir='ltr'><strong>versibus</strong></span> <span class='ocrx_word' id='word_1_145' title='bbox 794 2494 833 2554; x_wconf 84' lang='grc'><strong>67</strong></span> <span class='ocrx_word' id='word_1_146' title='bbox 851 2509 900 2574; x_wconf 89' lang='lat' dir='ltr'><strong>sq.</strong></span> <span class='ocrx_word' id='word_1_147' title='bbox 925 2510 1159 2574; x_wconf 77' lang='lat' dir='ltr'><strong>comparamus,</strong></span> <span class='ocrx_word' id='word_1_148' title='bbox 1186 2490 1239 2574; x_wconf 92' lang='lat' dir='ltr'><strong>qui</strong></span> <span class='ocrx_word' id='word_1_149' title='bbox 1262 2489 1393 2556; x_wconf 84' lang='lat' dir='ltr'><strong>inferior</strong></span> <span class='ocrx_word' id='word_1_150' title='bbox 1415 2489 1456 2556; x_wconf 90' lang='lat' dir='ltr'><strong>sit</strong></span> <span class='ocrx_word' id='word_1_151' title='bbox 1478 2490 1567 2554; x_wconf 89' lang='lat' dir='ltr'><strong>loeus</strong></span> <span class='ocrx_word' id='word_1_152' title='bbox 1589 2486 1693 2553; x_wconf 91' lang='lat' dir='ltr'><strong>nemi-</strong></span> 
     </span>
     <span class='ocr_line' id='line_1_16' title="bbox 346 2609 1694 2695; baseline -0.001 -21"><span class='ocrx_word' id='word_1_153' title='bbox 346 2630 419 2675; x_wconf 89' lang='lat' dir='ltr'><strong>nem</strong></span> <span class='ocrx_word' id='word_1_154' title='bbox 442 2610 625 2694; x_wconf 76' lang='lat' dir='ltr'><strong>effugiet2).</strong></span> <span class='ocrx_word' id='word_1_155' title='bbox 680 2613 749 2676; x_wconf 88' lang='lat' dir='ltr'><strong>lam</strong></span> <span class='ocrx_word' id='word_1_156' title='bbox 779 2611 877 2695; x_wconf 84' lang='lat' dir='ltr'><strong>igitur</strong></span> <span class='ocrx_word' id='word_1_157' title='bbox 906 2611 933 2676; x_wconf 90' lang='lat' dir='ltr'><strong>si</strong></span> <span class='ocrx_word' id='word_1_158' title='bbox 957 2616 1042 2677; x_wconf 88' lang='lat' dir='ltr'><strong>reete</strong></span> <span class='ocrx_word' id='word_1_159' title='bbox 1065 2611 1353 2678; x_wconf 84' lang='lat' dir='ltr'><strong>demonstravimus</strong></span> <span class='ocrx_word' id='word_1_160' title='bbox 1379 2609 1589 2676; x_wconf 86' lang='lat' dir='ltr'><strong>removendos</strong></span> <span class='ocrx_word' id='word_1_161' title='bbox 1619 2627 1694 2674; x_wconf 85' lang='lat' dir='ltr'><strong>esse</strong></span> 
     </span>
     <span class='ocr_line' id='line_1_17' title="bbox 345 2726 1693 2817; baseline -0.002 -23"><span class='ocrx_word' id='word_1_162' title='bbox 345 2751 377 2794; x_wconf 92' lang='lat' dir='ltr'><strong>v.</strong></span> <span class='ocrx_word' id='word_1_163' title='bbox 403 2734 563 2812; x_wconf 77' lang='lat' dir='ltr'><strong>ott—82,</strong></span> <span class='ocrx_word' id='word_1_164' title='bbox 596 2753 711 2798; x_wconf 89' lang='lat' dir='ltr'><strong>nomen</strong></span> <span class='ocrx_word' id='word_1_165' title='bbox 734 2733 943 2800; x_wconf 85' lang='lat' dir='ltr'><strong>Paudernea</strong></span> <span class='ocrx_word' id='word_1_166' title='bbox 972 2740 1078 2798; x_wconf 88' lang='lat' dir='ltr'><strong>nostro</strong></span> <span class='ocrx_word' id='word_1_167' title='bbox 1109 2740 1205 2817; x_wconf 86' lang='lat' dir='ltr'><strong>poeta</strong></span> <span class='ocrx_word' id='word_1_168' title='bbox 1233 2732 1376 2797; x_wconf 91' lang='lat' dir='ltr'><strong>alienum</strong></span> <span class='ocrx_word' id='word_1_169' title='bbox 1406 2751 1479 2798; x_wconf 86' lang='lat' dir='ltr'><strong>esse</strong></span> <span class='ocrx_word' id='word_1_170' title='bbox 1508 2735 1607 2814; x_wconf 87' lang='lat' dir='ltr'><strong>patet.</strong></span> <span class='ocrx_word' id='word_1_171' title='bbox 1655 2726 1693 2792; x_wconf 94' lang='lat' dir='ltr'><strong>Id</strong></span> 
     </span>
     <span class='ocr_line' id='line_1_18' title="bbox 343 2847 1693 2938; baseline -0.002 -23"><span class='ocrx_word' id='word_1_172' title='bbox 343 2851 449 2936; x_wconf 88' lang='lat' dir='ltr'><strong>ipsum</strong></span> <span class='ocrx_word' id='word_1_173' title='bbox 472 2872 548 2918; x_wconf 89' lang='lat' dir='ltr'><strong>vero</strong></span> <span class='ocrx_word' id='word_1_174' title='bbox 571 2859 693 2918; x_wconf 86' lang='lat' dir='ltr'><strong>tantum</strong></span> <span class='ocrx_word' id='word_1_175' title='bbox 716 2854 823 2934; x_wconf 86' lang='lat' dir='ltr'><strong>abest,</strong></span> <span class='ocrx_word' id='word_1_176' title='bbox 852 2860 886 2919; x_wconf 93' lang='lat' dir='ltr'><strong>ut</strong></span> <span class='ocrx_word' id='word_1_177' title='bbox 908 2861 1166 2938; x_wconf 82' lang='lat' dir='ltr'><strong>argumentorum</strong></span> <span class='ocrx_word' id='word_1_178' title='bbox 1189 2874 1273 2936; x_wconf 89' lang='lat' dir='ltr'><strong>quae</strong></span> <span class='ocrx_word' id='word_1_179' title='bbox 1296 2851 1525 2937; x_wconf 86' lang='lat' dir='ltr'><strong>perpendimus</strong></span> <span class='ocrx_word' id='word_1_180' title='bbox 1547 2847 1693 2933; x_wconf 88' lang='lat' dir='ltr'><strong>gravita-</strong></span> 
     </span>
     <span class='ocr_line' id='line_1_19' title="bbox 345 2967 1693 3056; baseline -0.004 -18"><span class='ocrx_word' id='word_1_181' title='bbox 345 2979 409 3038; x_wconf 89' lang='lat' dir='ltr'><strong>tem</strong></span> <span class='ocrx_word' id='word_1_182' title='bbox 431 2972 610 3056; x_wconf 89' lang='lat' dir='ltr'><strong>imminuat,</strong></span> <span class='ocrx_word' id='word_1_183' title='bbox 638 2981 672 3040; x_wconf 90' lang='lat' dir='ltr'><strong>ut</strong></span> <span class='ocrx_word' id='word_1_184' title='bbox 694 2975 873 3040; x_wconf 87' lang='lat' dir='ltr'><strong>sententiae</strong></span> <span class='ocrx_word' id='word_1_185' title='bbox 895 2982 1024 3041; x_wconf 86' lang='lat' dir='ltr'><strong>nostrae</strong></span> <span class='ocrx_word' id='word_1_186' title='bbox 1046 2975 1204 3040; x_wconf 90' lang='lat' dir='ltr'><strong>ealeulum</strong></span> <span class='ocrx_word' id='word_1_187' title='bbox 1227 2973 1358 3038; x_wconf 87' lang='lat' dir='ltr'><strong>adieiat.</strong></span> <span class='ocrx_word' id='word_1_188' title='bbox 1405 2973 1487 3038; x_wconf 86' lang='lat' dir='ltr'><strong>Nam</strong></span> <span class='ocrx_word' id='word_1_189' title='bbox 1502 2977 1596 3036; x_wconf 94' lang='lat' dir='ltr'><strong>-ut</strong></span> <span class='ocrx_word' id='word_1_190' title='bbox 1618 2967 1693 3034; x_wconf 91' lang='lat' dir='ltr'><strong>mit-</strong></span> 
     </span>
     <span class='ocr_line' id='line_1_20' title="bbox 345 3091 1693 3180; baseline -0.002 -22"><span class='ocrx_word' id='word_1_191' title='bbox 345 3099 411 3159; x_wconf 88' lang='lat' dir='ltr'><strong>tam</strong></span> <span class='ocrx_word' id='word_1_192' title='bbox 434 3100 548 3178; x_wconf 91' lang='lat' dir='ltr'><strong>sponte</strong></span> <span class='ocrx_word' id='word_1_193' title='bbox 570 3093 617 3160; x_wconf 88' lang='lat' dir='ltr'><strong>sie</strong></span> <span class='ocrx_word' id='word_1_194' title='bbox 639 3115 710 3162; x_wconf 89' lang='lat' dir='ltr'><strong>eum</strong></span> <span class='ocrx_word' id='word_1_195' title='bbox 733 3095 918 3180; x_wconf 75' lang='lat' dir='ltr'><strong>Theogonis</strong></span> <span class='ocrx_word' id='word_1_196' title='bbox 939 3095 972 3161; x_wconf 92' lang='lat' dir='ltr'><strong>iu</strong></span> <span class='ocrx_word' id='word_1_197' title='bbox 996 3095 1056 3161; x_wconf 85' lang='lat' dir='ltr'><strong>hae</strong></span> <span class='ocrx_word' id='word_1_198' title='bbox 1078 3115 1112 3160; x_wconf 91' lang='lat' dir='ltr'><strong>re</strong></span> <span class='ocrx_word' id='word_1_199' title='bbox 1134 3095 1270 3162; x_wconf 84' lang='lat' dir='ltr'><strong>alterum</strong></span> <span class='ocrx_word' id='word_1_200' title='bbox 1293 3113 1428 3172; x_wconf 72' lang='lat' dir='ltr'><strong>earmen¹</strong></span> <span class='ocrx_word' id='word_1_201' title='bbox 1444 3091 1628 3178; x_wconf 85' lang='lat' dir='ltr'><strong>conspirare</strong></span> <span class='ocrx_word' id='word_1_202' title='bbox 1648 3127 1693 3137; x_wconf 97' lang='lat'>—</span> 
     </span>
     <span class='ocr_line' id='line_1_21' title="bbox 346 3214 1167 3300; baseline 0 -20"><span class='ocrx_word' id='word_1_203' title='bbox 346 3214 482 3299; x_wconf 89' lang='lat' dir='ltr'><strong>primum</strong></span> <span class='ocrx_word' id='word_1_204' title='bbox 505 3215 825 3282; x_wconf 85' lang='lat' dir='ltr'><strong>animadvertendum</strong></span> <span class='ocrx_word' id='word_1_205' title='bbox 848 3223 897 3284; x_wconf 90' lang='lat' dir='ltr'><strong>est</strong></span> <span class='ocrx_word' id='word_1_206' title='bbox 920 3238 951 3279; x_wconf 90' lang='lat' dir='ltr'><strong>v.</strong></span> <span class='ocrx_word' id='word_1_207' title='bbox 976 3221 1017 3280; x_wconf 80' lang='lat' dir='ltr'><strong>er</strong></span> <span class='ocrx_word' id='word_1_208' title='bbox 1041 3216 1167 3300; x_wconf 89' lang='lat' dir='ltr'><strong>insequi</strong></span> 
     </span>
    </p>
   </div>
   <div class='ocr_carea' id='block_1_5' title="bbox 343 3349 1692 4303">
    <p class='ocr_par' dir='ltr' id='par_1_5' title="bbox 573 3349 1442 3442">
     <span class='ocr_line' id='line_1_22' title="bbox 573 3349 1442 3442; baseline -0.005 -24"><span class='ocrx_word' id='word_1_209' title='bbox 573 3350 654 3418; x_wconf 81' lang='grc' dir='ltr'>ἀλλὰ</span> <span class='ocrx_word' id='word_1_210' title='bbox 675 3351 765 3441; x_wconf 74' lang='grc' dir='ltr'><strong>γυνὴ</strong></span> <span class='ocrx_word' id='word_1_211' title='bbox 788 3355 924 3442; x_wconf 71' lang='grc' dir='ltr'><strong>χείρεασι</strong></span> <span class='ocrx_word' id='word_1_212' title='bbox 945 3355 1035 3420; x_wconf 83' lang='lat' dir='ltr'><strong>ru&#39;itoo</strong></span> <span class='ocrx_word' id='word_1_213' title='bbox 1059 3355 1137 3440; x_wconf 74' lang='grc' dir='ltr'><strong>μέγα</strong></span> <span class='ocrx_word' id='word_1_214' title='bbox 1159 3349 1240 3438; x_wconf 76' lang='grc' dir='ltr'>πῶμ’</span> <span class='ocrx_word' id='word_1_215' title='bbox 1268 3349 1442 3438; x_wconf 75' lang='grc' dir='ltr'><strong>ἀφελοῦσα,</strong></span> 
     </span>
    </p>

    <p class='ocr_par' dir='ltr' id='par_1_6' title="bbox 343 3487 1692 4303">
     <span class='ocr_line' id='line_1_23' title="bbox 346 3487 1687 3576; baseline -0.003 -21"><span class='ocrx_word' id='word_1_216' title='bbox 346 3491 399 3556; x_wconf 80' lang='lat' dir='ltr'><strong>uiri</strong></span> <span class='ocrx_word' id='word_1_217' title='bbox 422 3511 537 3555; x_wconf 92' lang='lat' dir='ltr'><strong>nomen</strong></span> <span class='ocrx_word' id='word_1_218' title='bbox 560 3491 726 3576; x_wconf 80' lang='lat' dir='ltr'><strong>l&#39;auderae</strong></span> <span class='ocrx_word' id='word_1_219' title='bbox 748 3499 951 3576; x_wconf 77' lang='lat' dir='ltr'><strong>expectares,</strong></span> <span class='ocrx_word' id='word_1_220' title='bbox 985 3491 1141 3576; x_wconf 85' lang='lat' dir='ltr'><strong>siqnidem</strong></span> <span class='ocrx_word' id='word_1_221' title='bbox 1164 3497 1262 3556; x_wconf 87' lang='lat' dir='ltr'><strong>antea</strong></span> <span class='ocrx_word' id='word_1_222' title='bbox 1285 3490 1449 3554; x_wconf 83' lang='lat' dir='ltr'><strong>nominata</strong></span> <span class='ocrx_word' id='word_1_223' title='bbox 1471 3495 1541 3554; x_wconf 91' lang='lat' dir='ltr'><strong>erat</strong></span> <span class='ocrx_word' id='word_1_224' title='bbox 1563 3487 1687 3553; x_wconf 88' lang='lat' dir='ltr'><strong>mulier.</strong></span> 
     </span>
     <span class='ocr_line' id='line_1_24' title="bbox 346 3608 1690 3698; baseline -0.002 -22"><span class='ocrx_word' id='word_1_225' title='bbox 346 3613 428 3677; x_wconf 82' lang='lat' dir='ltr'><strong>Tum</strong></span> <span class='ocrx_word' id='word_1_226' title='bbox 457 3633 532 3677; x_wconf 86' lang='lat' dir='ltr'><strong>uero</strong></span> <span class='ocrx_word' id='word_1_227' title='bbox 561 3633 666 3678; x_wconf 90' lang='lat' dir='ltr'><strong>nonne</strong></span> <span class='ocrx_word' id='word_1_228' title='bbox 693 3613 727 3678; x_wconf 92' lang='lat' dir='ltr'><strong>id</strong></span> <span class='ocrx_word' id='word_1_229' title='bbox 755 3613 860 3697; x_wconf 91' lang='lat' dir='ltr'><strong>ipsum</strong></span> <span class='ocrx_word' id='word_1_230' title='bbox 890 3613 976 3696; x_wconf 90' lang='lat' dir='ltr'><strong>quod</strong></span> <span class='ocrx_word' id='word_1_231' title='bbox 999 3634 1057 3698; x_wconf 90' lang='lat' dir='ltr'><strong>per</strong></span> <span class='ocrx_word' id='word_1_232' title='bbox 1080 3631 1191 3678; x_wconf 88' lang='lat' dir='ltr'><strong>versus</strong></span> <span class='ocrx_word' id='word_1_233' title='bbox 1215 3613 1353 3676; x_wconf 76' lang='lat' dir='ltr'><strong>rte—82</strong></span> <span class='ocrx_word' id='word_1_234' title='bbox 1384 3629 1500 3675; x_wconf 92' lang='lat' dir='ltr'><strong>nomen</strong></span> <span class='ocrx_word' id='word_1_235' title='bbox 1523 3608 1690 3674; x_wconf 85' lang='lat' dir='ltr'><strong>Pandorae</strong></span> 
     </span>
     <span class='ocr_line' id='line_1_25' title="bbox 345 3730 1692 3818; baseline -0.002 -21"><span class='ocrx_word' id='word_1_236' title='bbox 345 3733 488 3818; x_wconf 88' lang='lat' dir='ltr'><strong>proditur</strong></span> <span class='ocrx_word' id='word_1_237' title='bbox 509 3753 646 3816; x_wconf 87' lang='lat' dir='ltr'><strong>quonam</strong></span> <span class='ocrx_word' id='word_1_238' title='bbox 669 3733 802 3799; x_wconf 87' lang='lat' dir='ltr'><strong>oonsilio</strong></span> <span class='ocrx_word' id='word_1_239' title='bbox 826 3734 857 3798; x_wconf 90' lang='lat' dir='ltr'><strong>hi</strong></span> <span class='ocrx_word' id='word_1_240' title='bbox 882 3754 992 3800; x_wconf 88' lang='lat' dir='ltr'><strong>vorsus</strong></span> <span class='ocrx_word' id='word_1_241' title='bbox 1015 3733 1169 3818; x_wconf 82' lang='lat' dir='ltr'><strong>adscripti</strong></span> <span class='ocrx_word' id='word_1_242' title='bbox 1185 3739 1280 3816; x_wconf 88' lang='lat' dir='ltr'><strong>atque</strong></span> <span class='ocrx_word' id='word_1_243' title='bbox 1296 3730 1479 3815; x_wconf 88' lang='lat' dir='ltr'><strong>interpolati</strong></span> <span class='ocrx_word' id='word_1_244' title='bbox 1496 3731 1569 3806; x_wconf 90' lang='lat' dir='ltr'><strong>sint,</strong></span> <span class='ocrx_word' id='word_1_245' title='bbox 1595 3750 1692 3815; x_wconf 91' lang='lat' dir='ltr'><strong>aper-</strong></span> 
     </span>
     <span class='ocr_line' id='line_1_26' title="bbox 345 3851 1690 3940; baseline -0.003 -20"><span class='ocrx_word' id='word_1_246' title='bbox 345 3854 466 3920; x_wconf 88' lang='lat' dir='ltr'><strong>tissime</strong></span> <span class='ocrx_word' id='word_1_247' title='bbox 489 3853 632 3920; x_wconf 80' lang='lat' dir='ltr'><strong>indioutt</strong></span> <span class='ocrx_word' id='word_1_248' title='bbox 675 3855 833 3920; x_wconf 85' lang='lat' dir='ltr'><strong>Nimirum</strong></span> <span class='ocrx_word' id='word_1_249' title='bbox 856 3875 927 3921; x_wconf 91' lang='lat' dir='ltr'><strong>oum</strong></span> <span class='ocrx_word' id='word_1_250' title='bbox 950 3855 1005 3920; x_wconf 87' lang='lat' dir='ltr'><strong>aiii</strong></span> <span class='ocrx_word' id='word_1_251' title='bbox 1027 3861 1143 3940; x_wconf 88' lang='lat' dir='ltr'><strong>poetae</strong></span> <span class='ocrx_word' id='word_1_252' title='bbox 1166 3853 1206 3919; x_wconf 92' lang='lat' dir='ltr'><strong>de</strong></span> <span class='ocrx_word' id='word_1_253' title='bbox 1229 3853 1286 3918; x_wconf 84' lang='lat' dir='ltr'><strong>iiia</strong></span> <span class='ocrx_word' id='word_1_254' title='bbox 1308 3857 1476 3917; x_wconf 84' lang='lat' dir='ltr'><strong>narrarent</strong></span> <span class='ocrx_word' id='word_1_255' title='bbox 1498 3872 1579 3936; x_wconf 86' lang='lat' dir='ltr'><strong>quae</strong></span> <span class='ocrx_word' id='word_1_256' title='bbox 1602 3851 1690 3936; x_wconf 89' lang='lat' dir='ltr'><strong>apud</strong></span> 
     </span>
     <span class='ocr_line' id='line_1_27' title="bbox 344 3972 1688 4058; baseline -0.004 -18"><span class='ocrx_word' id='word_1_257' title='bbox 344 3975 519 4042; x_wconf 90' lang='lat' dir='ltr'><strong>Hesiodum</strong></span> <span class='ocrx_word' id='word_1_258' title='bbox 543 3975 667 4040; x_wconf 91' lang='lat' dir='ltr'><strong>muiieri</strong></span> <span class='ocrx_word' id='word_1_259' title='bbox 690 3975 818 4041; x_wconf 91' lang='lat' dir='ltr'><strong>omnino</strong></span> <span class='ocrx_word' id='word_1_260' title='bbox 839 3977 1062 4055; x_wconf 88' lang='lat' dir='ltr'><strong>tribuerentur,</strong></span> <span class='ocrx_word' id='word_1_261' title='bbox 1089 3981 1194 4040; x_wconf 82' lang='lat' dir='ltr'><strong>vatem</strong></span> <span class='ocrx_word' id='word_1_262' title='bbox 1217 3972 1475 4058; x_wconf 87' lang='lat' dir='ltr'><strong>antiquissimum</strong></span> <span class='ocrx_word' id='word_1_263' title='bbox 1497 3973 1541 4038; x_wconf 86' lang='lat' dir='ltr'><strong>ad</strong></span> <span class='ocrx_word' id='word_1_264' title='bbox 1563 3973 1688 4037; x_wconf 88' lang='lat' dir='ltr'><strong>iliorum</strong></span> 
     </span>
     <span class='ocr_line' id='line_1_28' title="bbox 344 4093 1690 4182; baseline -0.002 -20"><span class='ocrx_word' id='word_1_265' title='bbox 344 4097 497 4162; x_wconf 90' lang='lat' dir='ltr'><strong>rationem</strong></span> <span class='ocrx_word' id='word_1_266' title='bbox 521 4096 666 4179; x_wconf 80' lang='lat' dir='ltr'><strong>redigere</strong></span> <span class='ocrx_word' id='word_1_267' title='bbox 689 4096 789 4162; x_wconf 92' lang='lat' dir='ltr'><strong>voluit</strong></span> <span class='ocrx_word' id='word_1_268' title='bbox 811 4097 864 4181; x_wconf 91' lang='lat' dir='ltr'><strong>qui</strong></span> <span class='ocrx_word' id='word_1_269' title='bbox 889 4097 946 4162; x_wconf 87' lang='lat' dir='ltr'><strong>hos</strong></span> <span class='ocrx_word' id='word_1_270' title='bbox 969 4116 1082 4162; x_wconf 88' lang='lat' dir='ltr'><strong>versus</strong></span> <span class='ocrx_word' id='word_1_271' title='bbox 1103 4095 1255 4182; x_wconf 85' lang='lat' dir='ltr'><strong>adposuit</strong></span> <span class='ocrx_word' id='word_1_272' title='bbox 1277 4095 1346 4160; x_wconf 85' lang='lat' dir='ltr'><strong>sive</strong></span> <span class='ocrx_word' id='word_1_273' title='bbox 1366 4093 1597 4177; x_wconf 85' lang='lat' dir='ltr'><strong>interpretandi</strong></span> <span class='ocrx_word' id='word_1_274' title='bbox 1621 4093 1690 4159; x_wconf 87' lang='lat' dir='ltr'><strong>sive</strong></span> 
     </span>
     <span class='ocr_line' id='line_1_29' title="bbox 343 4217 698 4303; baseline -0.006 -21"><span class='ocrx_word' id='word_1_275' title='bbox 343 4217 559 4302; x_wconf 87' lang='lat' dir='ltr'><strong>interpolandi</strong></span> <span class='ocrx_word' id='word_1_276' title='bbox 581 4218 698 4303; x_wconf 84' lang='lat' dir='ltr'><strong>gratia.</strong></span> 
     </span>
    </p>
   </div>
   <div class='ocr_carea' id='block_1_6' title="bbox 346 4423 550 4430">
    <p class='ocr_par' dir='ltr' id='par_1_7' title="bbox 346 4423 550 4430">
     <span class='ocr_line' id='line_1_30' title="bbox 346 4423 550 4430; baseline -0.005 -1"><span class='ocrx_word' id='word_1_277' title='bbox 346 4423 550 4430; x_wconf 72' lang='lat'><strong>..—</strong></span> 
     </span>
    </p>
   </div>
   <div class='ocr_carea' id='block_1_7' title="bbox 337 4543 1689 4881">
    <p class='ocr_par' dir='ltr' id='par_1_8' title="bbox 337 4543 1689 4881">
     <span class='ocr_line' id='line_1_31' title="bbox 433 4543 1688 4618; baseline -0.005 -18"><span class='ocrx_word' id='word_1_278' title='bbox 433 4549 448 4612; x_wconf 62' lang='lat'><strong>¹1</strong></span> <span class='ocrx_word' id='word_1_279' title='bbox 470 4547 488 4600; x_wconf 90' lang='lat' dir='ltr'><strong>l.</strong></span> <span class='ocrx_word' id='word_1_280' title='bbox 509 4564 532 4601; x_wconf 85' lang='lat' dir='ltr'><strong>s.</strong></span> <span class='ocrx_word' id='word_1_281' title='bbox 552 4563 574 4602; x_wconf 77' lang='lat' dir='ltr'><strong>s.</strong></span> <span class='ocrx_word' id='word_1_282' title='bbox 596 4565 623 4616; x_wconf 90' lang='lat' dir='ltr'><strong>p.</strong></span> <span class='ocrx_word' id='word_1_283' title='bbox 644 4549 676 4598; x_wconf 80' lang='lat' dir='ltr'><strong>dd</strong></span> <span class='ocrx_word' id='word_1_284' title='bbox 689 4565 731 4618; x_wconf 88' lang='lat' dir='ltr'><strong>sq.</strong></span> <span class='ocrx_word' id='word_1_285' title='bbox 766 4547 830 4602; x_wconf 75' lang='lat' dir='ltr'><strong>‘Dte</strong></span> <span class='ocrx_word' id='word_1_286' title='bbox 856 4548 935 4602; x_wconf 64' lang='lat' dir='ltr'><strong>lirae</strong></span> <span class='ocrx_word' id='word_1_287' title='bbox 952 4549 1055 4600; x_wconf 84' lang='grc'>60-69</span> <span class='ocrx_word' id='word_1_288' title='bbox 1072 4547 1135 4600; x_wconf 76' lang='lat' dir='ltr'><strong>sind</strong></span> <span class='ocrx_word' id='word_1_289' title='bbox 1152 4565 1189 4600; x_wconf 81' lang='lat' dir='ltr'><strong>arr</strong></span> <span class='ocrx_word' id='word_1_290' title='bbox 1207 4545 1261 4600; x_wconf 78' lang='lat' dir='ltr'><strong>sr&#39;cd</strong></span> <span class='ocrx_word' id='word_1_291' title='bbox 1280 4544 1426 4617; x_wconf 77' lang='lat' dir='ltr'><strong>ullerdirrpa</strong></span> <span class='ocrx_word' id='word_1_292' title='bbox 1442 4549 1489 4614; x_wconf 79' lang='lat' dir='ltr'><strong>qut</strong></span> <span class='ocrx_word' id='word_1_293' title='bbox 1507 4544 1563 4597; x_wconf 82' lang='lat' dir='ltr'><strong>und</strong></span> <span class='ocrx_word' id='word_1_294' title='bbox 1579 4543 1688 4596; x_wconf 81' lang='lat' dir='ltr'><strong>rritrdeu</strong></span> 
     </span>
     <span class='ocr_line' id='line_1_32' title="bbox 345 4629 1689 4704; baseline -0.005 -16"><span class='ocrx_word' id='word_1_295' title='bbox 345 4637 427 4688; x_wconf 85' lang='lat' dir='ltr'><strong>durrlr</strong></span> <span class='ocrx_word' id='word_1_296' title='bbox 448 4634 566 4704; x_wconf 76' lang='lat' dir='ltr'><strong>Sprrrede</strong></span> <span class='ocrx_word' id='word_1_297' title='bbox 583 4635 640 4687; x_wconf 83' lang='lat' dir='ltr'><strong>und</strong></span> <span class='ocrx_word' id='word_1_298' title='bbox 657 4635 751 4688; x_wconf 77' lang='lat' dir='ltr'><strong>Iudult</strong></span> <span class='ocrx_word' id='word_1_299' title='bbox 767 4636 830 4688; x_wconf 78' lang='lat' dir='ltr'><strong>lrrr&#39;rr</strong></span> <span class='ocrx_word' id='word_1_300' title='bbox 850 4634 994 4688; x_wconf 77' lang='lat' dir='ltr'><strong>Bodorrkrn</strong></span> <span class='ocrx_word' id='word_1_301' title='bbox 1012 4652 1137 4704; x_wconf 80' lang='lat' dir='ltr'><strong>errepeo,</strong></span> <span class='ocrx_word' id='word_1_302' title='bbox 1158 4652 1234 4686; x_wconf 78' lang='lat' dir='ltr'><strong>rcenn</strong></span> <span class='ocrx_word' id='word_1_303' title='bbox 1252 4632 1289 4684; x_wconf 74' lang='lat' dir='ltr'><strong>aie</strong></span> <span class='ocrx_word' id='word_1_304' title='bbox 1307 4633 1379 4685; x_wconf 74' lang='lat' dir='ltr'><strong>nicht</strong></span> <span class='ocrx_word' id='word_1_305' title='bbox 1397 4630 1445 4684; x_wconf 79' lang='lat' dir='ltr'><strong>mit</strong></span> <span class='ocrx_word' id='word_1_306' title='bbox 1462 4630 1512 4682; x_wconf 85' lang='lat' dir='ltr'><strong>deu</strong></span> <span class='ocrx_word' id='word_1_307' title='bbox 1530 4629 1689 4682; x_wconf 67' lang='lat' dir='ltr'><strong>oneremur-</strong></span> 
     </span>
     <span class='ocr_line' id='line_1_33' title="bbox 344 4713 1689 4792; baseline -0.001 -21"><span class='ocrx_word' id='word_1_308' title='bbox 344 4721 469 4782; x_wconf 67' lang='lat' dir='ltr'><strong>eratenim</strong></span> <span class='ocrx_word' id='word_1_309' title='bbox 491 4721 559 4774; x_wconf 83' lang='lat' dir='ltr'><strong>und</strong></span> <span class='ocrx_word' id='word_1_310' title='bbox 577 4721 683 4774; x_wconf 76' lang='lat' dir='ltr'><strong>durch</strong></span> <span class='ocrx_word' id='word_1_311' title='bbox 704 4719 1060 4792; x_wconf 77' lang='lat' dir='ltr'><strong>Uebarer&#39;uetr&#39;mmuap</strong></span> <span class='ocrx_word' id='word_1_312' title='bbox 1078 4719 1140 4771; x_wconf 78' lang='lat' dir='ltr'><strong>mit</strong></span> <span class='ocrx_word' id='word_1_313' title='bbox 1157 4719 1217 4772; x_wconf 79' lang='lat' dir='ltr'><strong>der</strong></span> <span class='ocrx_word' id='word_1_314' title='bbox 1238 4715 1430 4790; x_wconf 74' lang='lat' dir='ltr'><strong>Theopour&#39;e</strong></span> <span class='ocrx_word' id='word_1_315' title='bbox 1448 4713 1689 4788; x_wconf 78' lang='lat' dir='ltr'><strong>depluudr&#39;pterr</strong></span> 
     </span>
     <span class='ocr_line' id='line_1_34' title="bbox 337 4805 1227 4881; baseline -0.009 -19"><span class='ocrx_word' id='word_1_316' title='bbox 337 4809 487 4881; x_wconf 78' lang='lat' dir='ltr'><strong>solpeudrn</strong></span> <span class='ocrx_word' id='word_1_317' title='bbox 512 4806 607 4860; x_wconf 63' lang='lat' dir='ltr'><strong>turma</strong></span> <span class='ocrx_word' id='word_1_318' title='bbox 626 4805 655 4857; x_wconf 83' lang='lat' dir='ltr'><strong>r&#39;rr</strong></span> <span class='ocrx_word' id='word_1_319' title='bbox 673 4805 856 4875; x_wconf 76' lang='lat' dir='ltr'><strong>orodrsuedem</strong></span> <span class='ocrx_word' id='word_1_320' title='bbox 883 4805 1073 4878; x_wconf 73' lang='lat' dir='ltr'><strong>tt&#39;iderepnut</strong></span> <span class='ocrx_word' id='word_1_321' title='bbox 1091 4805 1227 4858; x_wconf 79' lang='lat' dir='ltr'><strong>rtitrrdeu&#39;.</strong></span> 
     </span>
    </p>
   </div>
   <div class='ocr_carea' id='block_1_8' title="bbox 343 4923 1691 5258">
    <p class='ocr_par' dir='ltr' id='par_1_9' title="bbox 343 4923 1691 5258">
     <span class='ocr_line' id='line_1_35' title="bbox 430 4923 1691 4994; baseline -0.005 -12"><span class='ocrx_word' id='word_1_322' title='bbox 430 4928 449 4993; x_wconf 57' lang='grc' dir='ltr'><strong>ἦ</strong></span> <span class='ocrx_word' id='word_1_323' title='bbox 471 4929 561 4982; x_wconf 79' lang='lat' dir='ltr'><strong>Recte</strong></span> <span class='ocrx_word' id='word_1_324' title='bbox 580 4927 650 4982; x_wconf 88' lang='lat' dir='ltr'><strong>haee</strong></span> <span class='ocrx_word' id='word_1_325' title='bbox 664 4925 797 4980; x_wconf 85' lang='lat' dir='ltr'><strong>Lehrsius</strong></span> <span class='ocrx_word' id='word_1_326' title='bbox 814 4926 952 4980; x_wconf 84' lang='lat' dir='ltr'><strong>indicavit</strong></span> <span class='ocrx_word' id='word_1_327' title='bbox 970 4925 987 4978; x_wconf 93' lang='lat' dir='ltr'><strong>l.</strong></span> <span class='ocrx_word' id='word_1_328' title='bbox 1003 4940 1026 4979; x_wconf 88' lang='lat' dir='ltr'><strong>s.</strong></span> <span class='ocrx_word' id='word_1_329' title='bbox 1041 4941 1063 4980; x_wconf 89' lang='lat' dir='ltr'><strong>s.</strong></span> <span class='ocrx_word' id='word_1_330' title='bbox 1079 4941 1106 4994; x_wconf 76' lang='lat' dir='ltr'><strong>p,</strong></span> <span class='ocrx_word' id='word_1_331' title='bbox 1120 4926 1180 4977; x_wconf 78' lang='lat'>228.</span> <span class='ocrx_word' id='word_1_332' title='bbox 1212 4923 1345 4978; x_wconf 83' lang='lat' dir='ltr'><strong>Flaehius</strong></span> <span class='ocrx_word' id='word_1_333' title='bbox 1363 4927 1457 4976; x_wconf 86' lang='lat' dir='ltr'><strong>autom</strong></span> <span class='ocrx_word' id='word_1_334' title='bbox 1476 4929 1589 4990; x_wconf 85' lang='lat' dir='ltr'><strong>praeter</strong></span> <span class='ocrx_word' id='word_1_335' title='bbox 1606 4924 1691 4978; x_wconf 75' lang='lat' dir='ltr'><strong>ratio</strong></span> 
     </span>
     <span class='ocr_line' id='line_1_36' title="bbox 343 5008 1691 5084; baseline -0.006 -14"><span class='ocrx_word' id='word_1_336' title='bbox 343 5031 406 5070; x_wconf 90' lang='lat' dir='ltr'><strong>nem</strong></span> <span class='ocrx_word' id='word_1_337' title='bbox 426 5016 454 5070; x_wconf 93' lang='lat' dir='ltr'><strong>iu</strong></span> <span class='ocrx_word' id='word_1_338' title='bbox 473 5016 515 5069; x_wconf 88' lang='lat' dir='ltr'><strong>eis</strong></span> <span class='ocrx_word' id='word_1_339' title='bbox 533 5013 636 5084; x_wconf 85' lang='lat' dir='ltr'><strong>quibus</strong></span> <span class='ocrx_word' id='word_1_340' title='bbox 656 5028 754 5068; x_wconf 84' lang='lat' dir='ltr'><strong>versus</strong></span> <span class='ocrx_word' id='word_1_341' title='bbox 767 5015 868 5064; x_wconf 84' lang='lat' dir='ltr'><strong>uo-uu</strong></span> <span class='ocrx_word' id='word_1_342' title='bbox 882 5017 1031 5082; x_wconf 85' lang='lat' dir='ltr'><strong>suspectos</strong></span> <span class='ocrx_word' id='word_1_343' title='bbox 1043 5012 1164 5066; x_wconf 86' lang='lat' dir='ltr'><strong>reddere</strong></span> <span class='ocrx_word' id='word_1_344' title='bbox 1177 5011 1276 5074; x_wconf 87' lang='lat' dir='ltr'><strong>voluit,</strong></span> <span class='ocrx_word' id='word_1_345' title='bbox 1298 5009 1457 5078; x_wconf 80' lang='lat' dir='ltr'><strong>neglectum</strong></span> <span class='ocrx_word' id='word_1_346' title='bbox 1471 5008 1611 5076; x_wconf 73' lang='lat' dir='ltr'><strong>digamma</strong></span> <span class='ocrx_word' id='word_1_347' title='bbox 1624 5025 1691 5062; x_wconf 91' lang='lat' dir='ltr'><strong>enu-</strong></span> 
     </span>
     <span class='ocr_line' id='line_1_37' title="bbox 343 5095 1691 5168; baseline -0.004 -12"><span class='ocrx_word' id='word_1_348' title='bbox 343 5101 463 5158; x_wconf 84' lang='lat' dir='ltr'><strong>meravit</strong></span> <span class='ocrx_word' id='word_1_349' title='bbox 482 5119 509 5156; x_wconf 90' lang='lat' dir='ltr'><strong>v.</strong></span> <span class='ocrx_word' id='word_1_350' title='bbox 524 5102 556 5152; x_wconf 78' lang='grc'><strong>67</strong></span> <span class='ocrx_word' id='word_1_351' title='bbox 578 5097 716 5152; x_wconf 73' lang='grc' dir='ltr'><strong>ἐπίκλοπον</strong></span> <span class='ocrx_word' id='word_1_352' title='bbox 734 5099 815 5168; x_wconf 57' lang='lat' dir='ltr'><strong>iiior:</strong></span> <span class='ocrx_word' id='word_1_353' title='bbox 837 5099 866 5154; x_wconf 91' lang='lat' dir='ltr'><strong>id</strong></span> <span class='ocrx_word' id='word_1_354' title='bbox 886 5099 962 5168; x_wconf 90' lang='lat' dir='ltr'><strong>quod</strong></span> <span class='ocrx_word' id='word_1_355' title='bbox 981 5099 1009 5153; x_wconf 90' lang='lat' dir='ltr'><strong>in</strong></span> <span class='ocrx_word' id='word_1_356' title='bbox 1028 5099 1069 5152; x_wconf 90' lang='lat' dir='ltr'><strong>eis</strong></span> <span class='ocrx_word' id='word_1_357' title='bbox 1089 5098 1163 5152; x_wconf 90' lang='lat' dir='ltr'><strong>redit</strong></span> <span class='ocrx_word' id='word_1_358' title='bbox 1182 5095 1311 5152; x_wconf 85' lang='lat' dir='ltr'><strong>versibus</strong></span> <span class='ocrx_word' id='word_1_359' title='bbox 1330 5111 1401 5166; x_wconf 86' lang='lat' dir='ltr'><strong>quos</strong></span> <span class='ocrx_word' id='word_1_360' title='bbox 1419 5095 1479 5166; x_wconf 89' lang='lat' dir='ltr'><strong>ipse</strong></span> <span class='ocrx_word' id='word_1_361' title='bbox 1498 5095 1624 5152; x_wconf 84' lang='lat' dir='ltr'><strong>sinceros</strong></span> <span class='ocrx_word' id='word_1_362' title='bbox 1642 5095 1691 5152; x_wconf 83' lang='lat' dir='ltr'><strong>ire-</strong></span> 
     </span>
     <span class='ocr_line' id='line_1_38' title="bbox 344 5181 1320 5258; baseline -0.005 -16"><span class='ocrx_word' id='word_1_363' title='bbox 344 5189 393 5243; x_wconf 87' lang='lat' dir='ltr'><strong>bot</strong></span> <span class='ocrx_word' id='word_1_364' title='bbox 412 5205 438 5242; x_wconf 89' lang='lat' dir='ltr'><strong>v.</strong></span> <span class='ocrx_word' id='word_1_365' title='bbox 460 5188 501 5247; x_wconf 79' lang='grc' dir='ltr'><strong>ῖῖ;</strong></span> <span class='ocrx_word' id='word_1_366' title='bbox 522 5185 571 5242; x_wconf 90' lang='lat' dir='ltr'><strong>ubi</strong></span> <span class='ocrx_word' id='word_1_367' title='bbox 591 5201 658 5241; x_wconf 86' lang='lat' dir='ltr'><strong>sune</strong></span> <span class='ocrx_word' id='word_1_368' title='bbox 676 5184 799 5258; x_wconf 69' lang='grc' dir='ltr'><strong>κρυφίους</strong></span> <span class='ocrx_word' id='word_1_369' title='bbox 817 5181 841 5238; x_wconf 79' lang='grc' dir='ltr'><strong>τ’</strong></span> <span class='ocrx_word' id='word_1_370' title='bbox 863 5184 1001 5253; x_wconf 69' lang='grc' dir='ltr'><strong>ὀαριπμοὺς</strong></span> <span class='ocrx_word' id='word_1_371' title='bbox 1022 5181 1176 5239; x_wconf 85' lang='lat' dir='ltr'><strong>‘restituit&#39;</strong></span> <span class='ocrx_word' id='word_1_372' title='bbox 1196 5182 1320 5237; x_wconf 83' lang='lat' dir='ltr'><strong>criticus.</strong></span> 
     </span>
    </p>
   </div>
   <div class='ocr_carea' id='block_1_9' title="bbox 0 0 2230 6384">
    <p class='ocr_par' dir='ltr' id='par_1_10' title="bbox 0 0 2230 6384">
     <span class='ocr_line' id='line_1_39' title="bbox 0 0 2230 6384; baseline 0 0"><span class='ocrx_word' id='word_1_373' title='bbox 0 0 2230 6384; x_wconf 95' lang='lat' dir='ltr'><strong> </strong></span> 
     </span>
    </p>
   </div>
  </div>
 </body>
</html>
