4206 6248
524 653 565 720 64
1093 653 1128 707 R.
1149 652 1286 706 HIRZEL

606 844 648 909 st
669 841 812 928 profecto
835 841 908 924 quis
930 842 1051 908 audeat
1073 841 1251 908 sententiae
1273 840 1440 925 refragari,
1466 863 1561 925 quam
1581 842 1715 930 nrinanti
1730 862 1769 907 ac
1783 841 1864 907 truci

519 965 626 1046 vultu,
660 984 701 1028 ne
730 962 835 1029 dicam
858 962 1009 1028 destricto
1032 981 1125 1045 ense,
1156 968 1263 1028 tuetur
1284 962 1458 1028 acerrimus
1481 969 1513 1028 ct
1536 971 1677 1028 veterum
1700 971 1732 1028 ct
1753 983 1865 1029 recen-

496 1086 633 1153 tiorum
662 1082 836 1167 logicorum
866 1084 1046 1167 exagitator
1067 1084 1282 1150 Monacensis.
1328 1085 1479 1150 Attamen
1501 1083 1610 1150 nescio
1633 1085 1688 1168 qni
1710 1083 1791 1150 deus
1813 1105 1865 1149 me

520 1208 571 1273 vel
594 1206 700 1292 potins
722 1224 805 1288 quae
827 1205 915 1269 mala
936 1204 1063 1270 fortuna
1084 1204 1163 1289 agit,
1190 1212 1225 1270 ut
1245 1205 1390 1270 misellus
1413 1205 1583 1271 homuncio
1604 1206 1638 1270 in
1660 1204 1863 1270 manifestam

520 1328 694 1414 perniciem
723 1325 796 1409 ipse
825 1345 915 1390 ruam
946 1345 1064 1408 magno
1095 1325 1144 1390 illi
1168 1325 1303 1410 posthoc
1326 1327 1493 1391 stultorum
1516 1333 1548 1392 et
1568 1327 1749 1411 ineptorum
1772 1325 1865 1410 gregi

519 1447 798 1526 adnumerandus,
831 1446 886 1529 qui
915 1446 1059 1530 pascitur
1084 1467 1142 1530 per
1163 1447 1313 1532 pagellas
1336 1447 1499 1513 historiam
1523 1448 1600 1512 artis
1623 1448 1748 1531 logicae
1770 1468 1865 1512 enar-

519 1577 639 1636 rantes.
686 1567 863 1646 Quominus
885 1566 970 1632 enim
992 1566 1081 1632 illius
1104 1568 1294 1633 sententiam
1314 1589 1420 1634 meam
1437 1568 1566 1650 faciam,
1593 1568 1700 1634 obstat
1721 1588 1773 1634 res
1796 1589 1866 1633 om-

518 1691 613 1757 nibus
628 1688 804 1769 notissima,
830 1687 916 1772 quod
936 1687 1084 1752 nimirum
1107 1684 1226 1775 λογικός
1241 1689 1431 1755 vocabulum
1446 1690 1488 1755 ab
1504 1688 1676 1755 Aristotele
1693 1710 1757 1756 non
1771 1689 1865 1754 adhi-

520 1813 613 1878 betur
634 1810 677 1876 ad
700 1830 795 1875 unam
818 1793 961 1890 aliquam
985 1808 1188 1894 disciplinam
1210 1810 1428 1892 indicandam,
1455 1831 1538 1894 quae
1561 1810 1657 1876 certis
1672 1832 1777 1877 rerum
1793 1810 1865 1875 fini-

521 1935 580 1998 bus
613 1930 899 2013 circumscribitur,
937 1929 996 1995 sed
1023 1929 1108 1995 viam
1138 1931 1357 2014 rationemque
1387 1930 1534 2013 denotat,
1571 1951 1668 2014 quarn
1697 1932 1738 1997 de
1768 1932 1864 1997 rebus

518 2052 746 2120 diversissimis
776 2051 973 2116 disserentes
1001 2051 1093 2134 sequi
1123 2051 1208 2117 licet.
1255 2052 1306 2116 An
1334 2052 1413 2116 mihi
1442 2052 1611 2137 quisquam
1640 2053 1758 2118 obiciet
1779 2072 1863 2136 quae

518 2176 552 2241 in
567 2174 756 2260 Topicorum
779 2172 881 2258 prirno
908 2173 949 2256 (p.
971 2169 1055 2254 tlt-5¹³,
1079 2175 1208 2256 l9sqq.)
1236 2173 1387 2255 leguntur
1402 2174 1442 2239 de
1463 2173 1733 2259 propositionibus
1747 2172 1863 2238 distin-

517 2295 656 2380 guendis
685 2293 799 2360 ethicis
823 2291 968 2377 physicis
992 2292 1160 2377 logicis¹ll
1193 2294 1255 2391 llix
1277 2294 1478 2383 crediderim.
1526 2294 1592 2360 Sed
1615 2315 1686 2360 curn
1709 2292 1865 2360 immode-

518 2425 589 2484 rata
601 2436 706 2501 nuper
719 2414 759 2480 de
775 2414 922 2478 omnibus
938 2413 1125 2496 ambigendi
1140 2413 1241 2480 libido
1255 2415 1339 2481 inter
1353 2415 1533 2500 philologos
1549 2422 1724 2498 grassetur,
1743 2435 1863 2500 operae

520 2539 629 2605 videor
658 2536 794 2621 pretium
824 2534 984 2618 lechnus,
1018 2534 1047 2600 si
1075 2535 1122 2600 eis
1151 2557 1235 2618 quae
1257 2536 1446 2602 Theodorus
1468 2537 1572 2602 Waitu
1595 2537 1659 2601 iarn
1682 2536 1860 2617 adnotavit,

519 2680 623 2746 pauca
650 2657 817 2724 addidero.
865 2656 1025 2721 Evolvant
1045 2656 1153 2740 igitur,
1186 2658 1303 2740 quibus
1325 2657 1465 2722 nondum
1488 2658 1590 2722 omnis
1613 2657 1784 2742 scrupulus
1806 2678 1864 2722 ex-

519 2790 646 2866 emptus
662 2786 720 2860 est,
747 2776 891 2842 eiusdem
908 2777 981 2843 libri
1004 2799 1035 2862 p.
1060 2774 1133 2841 104b
1152 2782 1164 2841 1
1178 2798 1249 2862 sqq.
1260 2781 1299 2862 ²).
1346 2777 1510 2844 Videbunt
1524 2778 1612 2843 haud
1628 2779 1725 2844 dubie
1740 2778 1863 2844 ethicas

518 2903 586 2968 sive
616 2899 754 2966 morales
783 2898 1020 2980 intellegendas
1049 2918 1137 2981 esse,
1172 2920 1256 2983 quac
1285 2899 1329 2964 ad
1351 2898 1566 2984 expetendum
1589 2899 1712 2983 aliquid
1734 2906 1791 2965 aut
1813 2899 1865 2963 fu-

518 3023 670 3107 giendum
700 3026 848 3106 spectant
875 3018 1012 3103 ideoque
1039 3018 1073 3083 in
1102 3019 1187 3085 vitae
1216 3020 1341 3086 actione
1369 3028 1540 3101 nostraque
1563 3020 1727 3085 incitanda
1748 3021 1864 3086 voluu-

516 3152 584 3210 tate
611 3143 676 3208 vim
698 3142 819 3207 habent
840 3140 940 3206 veluti
962 3140 1044 3204 illud
1068 3147 1171 3205 utrum
1194 3141 1381 3225 parentibus
1404 3141 1478 3226 plns
1501 3141 1734 3206 oboediendum
1757 3141 1862 3206 sitan

517 3265 660 3350 legibus,
694 3262 811 3327 deiude
842 3261 994 3346 physicas
1016 3261 1084 3327 sive
1106 3262 1286 3344 naturales,
1319 3283 1401 3346 qnae
1424 3262 1467 3328 ad
1489 3261 1672 3344 augendam
1696 3261 1862 3327 scientiam

517 3385 640 3470 aliquid
663 3383 829 3449 conferunt
850 3382 955 3466 qualis
978 3389 1028 3448 est
1050 3384 1090 3448 de
1112 3383 1224 3448 muudi
1247 3383 1501 3468 sempiternitate
1523 3382 1688 3468 proposita
1702 3382 1860 3466 quaestio,

474 3578 477 3583 .
519 3506 656 3591 denique
679 3504 802 3586 logicas
823 3523 887 3568 nou
910 3522 966 3568 eas
989 3523 1080 3584 esse,
1113 3524 1194 3586 quas
1218 3504 1390 3570 rationales
1413 3505 1519 3570 dicere
1542 3504 1654 3583 liccat,
1681 3503 1740 3568 sed
1762 3524 1862 3586 quae-

519 3648 654 3711 cumque
670 3625 822 3710 generale
844 3623 969 3705 aliquid
991 3624 1158 3690 declarant
1180 3633 1212 3690 et
1233 3625 1317 3690 tales
1340 3633 1414 3690 sunt
1436 3633 1471 3691 ut
1492 3646 1601 3690 earum
1624 3644 1727 3708 neque
1749 3624 1783 3688 in
1798 3625 1866 3689 vita

517 3747 668 3833 degenda
696 3766 801 3828 neque
830 3744 873 3809 ad
903 3744 1070 3809 scientiam
1094 3745 1370 3828 cognitionemque
1393 3745 1652 3831 amplificandam
1676 3746 1763 3810 ullus
1786 3766 1863 3810 usus

604 4044 621 4110 ¹)
644 4042 695 4096 ἔστι
719 4039 745 4094 δ’
763 4042 798 4100 ὡς
816 4039 888 4111 τύπῳ
907 4039 1053 4111 περιλαβεῖν
1071 4047 1122 4091 τῶν
1140 4040 1287 4110 προτάσεων
1305 4039 1417 4093 καὶτῶν
1436 4040 1627 4111 προβλημάτων
1646 4040 1712 4112 μέρη
1730 4038 1796 4109 τρὶα.
1834 4039 1861 4091 αἱ

516 4131 564 4203 μὲν
582 4129 629 4201 γάρ
647 4128 739 4200 ἠθικαὶ
757 4129 888 4198 προτάσεις
907 4126 977 4189 εἰσίν,
998 4126 1024 4178 αἱ
1043 4125 1071 4178 δὲ
1091 4126 1201 4197 poscunt,
1223 4126 1249 4179 nl
1268 4127 1295 4179 δὲ
1313 4125 1422 4198 λογικαί.
1452 4126 1543 4198 ἠδιααλ
1562 4128 1609 4197 μὲν
1628 4126 1673 4179 οὖν
1692 4127 1857 4188 αἱτοιαῦται,

517 4218 571 4272 οἷον
594 4217 700 4287 πότερον
719 4214 758 4267 δεῖ
775 4220 830 4273 τοῖς
848 4219 948 4284 γονεῦσι
967 4211 1066 4282 μᾶλλον
1083 4211 1101 4282 ἢ
1119 4218 1175 4272 τοῖς
1192 4213 1279 4283 νόμοις
1298 4214 1461 4287 πειθαρχεῖν,
1489 4214 1533 4267 ἐάν
1558 4215 1734 4286 διαφωνῶσιν·
1762 4212 1861 4285 λογικαὶ

516 4306 544 4358 δὲ
563 4305 618 4358 οἷον
636 4302 741 4373 πότερον
759 4309 810 4354 τῶν
830 4299 948 4353 ἐναντίων
967 4299 984 4369 ἠ
1003 4299 1069 4371 αὐτὴ
1090 4298 1218 4370 ἐπιστήμη
1236 4299 1253 4370 ἢ
1273 4298 1318 4365 οὔ,
1340 4301 1444 4372 φυσικαὶ
1462 4301 1489 4353 δὲ
1508 4301 1614 4372 πότερον
1633 4300 1646 4353 δ
1664 4300 1761 4370 κόσμος
1780 4299 1861 4358 άῑδιος

515 4391 533 4462 ἢ
552 4389 591 4445 οδ.
629 4387 725 4459 ὁμοίως
744 4387 772 4440 δὲ
789 4386 833 4440 καὶ
850 4386 882 4439 τά
900 4385 1082 4458 προβλήματα.

601 4494 622 4557 ²)
642 4491 781 4564 πρόβλημα
806 4490 832 4542 δ’
850 4490 903 4544 ἐστὶ
927 4490 1085 4544 διαλεκτικὸν
1110 4491 1235 4562 θεώρημα
1258 4491 1287 4543 τὸ
1307 4489 1468 4562 συντεῖνονῆ
1487 4492 1550 4562 πρὸς
1568 4489 1663 4562 αἵρεσιν
1681 4491 1725 4544 οιαὶ
1743 4490 1861 4564 φυγὴνῆ

515 4583 578 4653 πρὸς
595 4577 718 4650 ἀλήθειαν
736 4578 779 4631 καὶ
797 4586 896 4650 γνῶσιν,
917 4575 935 4647 ἢ
955 4577 1017 4630 αὐτὸ
1034 4576 1052 4647 ἢ
1071 4579 1106 4636 ὡς
1125 4579 1243 4649 συνεργὸν
1262 4578 1324 4650 πρός
1342 4597 1367 4630 τι
1386 4577 1471 4649 ἕτερον
1489 4587 1540 4631 τῶν
1557 4577 1696 4632 τοιουτων·
1721 4578 1777 4650 περὶ
1795 4576 1824 4632 οὗ
1844 4578 1861 4648 ἦ

516 4668 655 4737 οὐδετέρως
673 4664 818 4726 δοξάζουσιν
836 4663 854 4733 ἢ
874 4663 991 4722 ἐναντίως
1010 4663 1035 4716 οἱ
1052 4662 1145 4716 πολλοὶ
1162 4670 1217 4723 τοῖς
1236 4670 1324 4735 σοφοῖς
1342 4664 1360 4735 ἢ
1379 4666 1403 4719 οἱ
1423 4667 1496 4739 σοφοὶ
1513 4671 1568 4724 τοῖς
1586 4664 1694 4724 πολλοῖς
1710 4664 1729 4733 ἢ
1746 4665 1863 4735 ἑκάτεροι

516 4754 588 4808 αὐτοὶ
601 4753 711 4811 ἑαυτοῖς.
744 4751 798 4804 ἔνια
817 4750 864 4820 μὲν
882 4750 930 4821 γάρ
947 4758 998 4803 τῶν
1018 4750 1208 4820 προβλημάτων
1226 4752 1353 4823 χρήσιμον
1371 4751 1464 4805 εἰδέναι
1482 4753 1545 4824 πρὸς
1562 4753 1591 4805 τὸ
1610 4751 1712 4806 illota
1729 4750 1859 4823 ἡφογεῖν,

516 4840 570 4894 οἷον
589 4839 695 4904 πότερον
713 4837 730 4907 ἡ
748 4836 832 4908 ἡδονὴ
852 4838 950 4907 αἱρετὸν
968 4835 986 4906 ἢ
1006 4835 1046 4901 οὔ,
1068 4837 1121 4890 ἔνια
1140 4836 1168 4889 δὲ
1187 4840 1249 4909 πρὸς
1266 4838 1295 4889 rb
1313 4838 1408 4891 εἰδέναι
1426 4840 1512 4908 μόνον,
1536 4838 1590 4891 οἷον
1609 4836 1715 4908 πότερον
1734 4837 1747 4889 δ
1766 4838 1862 4908 κόσμος

515 4927 594 4985 didm:
612 4924 630 4995 ἢ
649 4923 688 4989 οὔ,
710 4924 763 4977 ἔνια
782 4923 810 4975 δὲ
828 4922 892 4976 αὐτά
911 4923 957 4991 μὲν
975 4916 1041 4976 ταδ’
1059 4921 1123 4975 αδτά
1141 4924 1203 4995 πρὸς
1222 4923 1355 4993 οὐδέτερον
1374 4925 1478 4987 τούτων,
1501 4924 1607 4995 συνεργὰ
1624 4923 1652 4976 δέ
1667 4923 1719 4975 ἐστι
1730 4923 1793 4994 πρός
1805 4942 1862 4976 τινα

515 5012 721 5065 τῶντοιούτων·
746 5008 897 5080 πολλὰγὰρ
916 5009 981 5063 αὐτὰ
999 5010 1046 5080 μὲν
1071 5009 1136 5063 ταδ’
1154 5008 1218 5062 αὑτά
1237 5010 1265 5062 ob
1286 5009 1434 5081 βουλόμεθα
1451 5010 1595 5082 γνωρίζειν,
1620 5009 1714 5082 ἑτέρων
1733 5003 1755 5061 δ’
1776 5008 1859 5074 ἕνεκα,

516 5098 586 5159 ὅπως
606 5098 646 5152 διά
663 5098 760 5151 τούτων
779 5095 843 5151 ἄλλο
861 5115 885 5150 τι
902 5095 1074 5169 γνωρίσωμεν.
