4118 6240
460 674 520 737 130
1043 671 1074 728 F.
1095 671 1211 730 BLASS

457 886 525 930 rum
549 865 658 931 itidem
683 867 765 930 bona
788 864 966 944 uenierunt,
997 865 1154 946 equibus
1178 864 1324 930 novimus
1346 864 1483 949 Cephin,
1510 864 1652 944 Andron,
1679 863 1802 945 As'min,

457 986 632 1052 Hicesium.

374 1108 433 1192 §7
542 1109 580 1173 In
601 1106 718 1172 doricis
748 1106 939 1190 quibusdam
970 1106 1073 1172 titulis
1102 1106 1198 1172 finem
1221 1105 1401 1171 disserendi
1423 1105 1550 1172 faciam.
1598 1106 1699 1172 Probe
1722 1105 1805 1169 nosti

458 1228 634 1294 Laconicos
657 1227 730 1292 illos
753 1227 793 1293 ad
817 1228 999 1292 Taenarum
1025 1227 1189 1305 inventos
1222 1226 1337 1308 quibus
1367 1225 1587 1293 dedicationes
1610 1227 1663 1292 vel
1691 1245 1806 1290 mauu-

457 1349 627 1415 missiones
658 1368 821 1413 serrorum
849 1348 1059 1413 continentur.
1109 1348 1227 1412 Eorum
1256 1347 1319 1413 duo
1350 1348 1441 1414 editi
1458 1354 1533 1415 sunt
1553 1354 1626 1432 post
1647 1346 1805 1412 Graecum

456 1469 697 1535 Eustratiadem
727 1491 748 1534 a
777 1468 974 1534 Kircbhosfio
1002 1469 1110 1533 Herm.
1138 1469 1202 1550 III,
1230 1472 1293 1534 449
1324 1469 1463 1552 (Griecb.
1490 1468 1649 1552 Ahala&
1670 1490 1703 1554 p.
1732 1470 1802 1549 145]

464 1600 501 1673 (a,
522 1593 572 1674 b);
598 1590 727 1656 tertium
750 1591 834 1655 male
857 1589 1039 1654 mutilatum
1066 1592 1100 1673 (c)
1128 1588 1297 1655 ediderunt
1319 1589 1356 1655 O.
1375 1589 1512 1655 Bursian
1539 1589 1683 1673 (Dissert.
1702 1589 1803 1653 Acad.

457 1713 582 1776 Monac.
601 1711 671 1793 VII,
692 1712 764 1794 779)
791 1718 824 1776 et
845 1710 890 1776 Le
907 1710 970 1774 Bas
991 1713 1084 1785 25503
1111 1717 1259 1793 quartum
1282 1710 1524 1793 elegantissime
1547 1710 1699 1795 scriptum
1723 1710 1807 1795 opti-

458 1853 571 1915 meque
593 1839 816 1897 couservatum
845 1833 888 1915 (d)
924 1851 1027 1914 nuper
1049 1831 1084 1894 P.
1111 1831 1249 1896 Foucart
1275 1831 1376 1914 (Ball.
1400 1833 1439 1894 de
1460 1853 1541 1895 corr.
1566 1831 1638 1894 dell.
1665 1831 1723 1912 lll,
1750 1833 1800 1909 96}

457 1953 576 2038 publici
599 1953 678 2017 iuris
702 1951 787 2017 fecit.
834 1952 866 2016 Is
889 1951 941 2016 his
964 1951 1071 2017 verbis
1094 1958 1266 2036 conceptus
1289 1960 1353 2017 est:
1393 1948 1529 2017 Ἀνέθεκε
1549 1952 1553 2036 Ι
1573 1953 1620 2016 roi
1642 1950 1804 2037 llootbaul

459 2072 552 2138 Νίκον
567 2074 571 2159 Ι
586 2071 612 2137 Ν
617 2070 851 2160 ικαφορίδαᾏκαὶ
875 2068 1008 2138 Adienos
1019 2069 1083 2158 laod
1107 2071 1295 2160 Νικαρχίδαν
1306 2071 1309 2154 l
1319 2070 1370 2138 uui
1391 2069 1502 2147 ταῦτᾰς
1523 2068 1633 2138 πάντα.
1647 2065 1802 2160 ΙἜφοροςᾸ

459 2190 645 2280 Εὐδαμίδας.
660 2189 818 2280 l'Erroiaosl
831 2190 1265 2281 ΜενεχαρίδαςξἈνδρομέδης.
1315 2194 1510 2260 Litteratura
1531 2193 1637 2260 ionica
1659 2200 1718 2274 cst,
1744 2195 1805 2260 nisi

458 2316 543 2398 quod
571 2315 601 2379 Ω
627 2313 767 2380 nondum
790 2315 950 2400 recipitur,
985 2316 1010 2378 Η
1037 2322 1144 2380 autem
1166 2314 1338 2399 ancipitem
1361 2335 1455 2380 usum
1478 2316 1576 2383 habet
1602 2313 1683 2399 (Πο
1697 2314 1806 2381 ΗΟΙ-

463 2437 588 2518 ΔΑΝΙ,
607 2435 861 2515 ΛΥΗΙΠΡΟΝ,
885 2436 1265 2518 ΑΝΔΡΟΜΕΔΕΣ),
1285 2442 1317 2501 et
1330 2432 1456 2501 ἀνέθεκε
1471 2436 1634 2520 antiquam
1647 2437 1807 2504 scribendi

458 2558 614 2622 rationem
645 2556 752 2622 resert.
800 2556 884 2620 Num
916 2557 1045 2622 fortuito
1075 2557 1195 2622 factum
1218 2556 1275 2636 sit,
1309 2562 1344 2622 ut
1369 2559 1394 2620 Η
1420 2556 1547 2623 litterae
1569 2565 1684 2643 aperta
1705 2558 1808 2624 forma

459 2678 604 2763 spiritum
627 2678 786 2760 designet,
813 2678 966 2742 clausaH
991 2678 1147 2759 vocalem,
1173 2697 1286 2762 parum
1302 2676 1379 2742 mibi
1395 2685 1530 2744 constat.
1567 2680 1680 2763 Itaque
1695 2681 1807 2746 titulus

459 2807 567 2866 aetate
590 2799 716 2863 medius
739 2797 822 2863 iuter
840 2823 859 2861 a
875 2806 907 2863 et
922 2801 939 2862 d
956 2819 1028 2864 esse
1051 2798 1153 2864 videri
1176 2805 1296 2882 potest,
1324 2819 1398 2863 nam
1421 2798 1454 2862 in
1470 2824 1489 2863 a
1505 2825 1524 2884 r,
1541 2801 1662 2865 vocalis
1682 2820 1807 2887 semper

462 2942 520 3006 per
545 2922 571 2984 Ε
595 2920 751 2999 scribitur,
778 2921 811 2984 iu
836 2922 852 2984 d
876 2940 1068 3003 numquam,
1094 2927 1126 2984 et
1148 2918 1309 3000 antiquior
1331 2919 1389 2983 illa
1411 2919 1513 2984 forma
1537 2921 1562 2984 Ε
1587 2928 1694 2987 exstat
1715 2922 1749 2986 in
1772 2924 1803 3004 d,

458 3066 522 3109 uon
545 3050 595 3108 est
615 3042 647 3105 iu
673 3043 701 3104 d.
742 3041 809 3104 lam
833 3062 904 3105 cum
927 3040 1066 3124 ephorus
1089 3040 1121 3104 iu
1145 3042 1162 3103 d
1185 3038 1365 3124 adscriptus
1387 3041 1429 3105 sit
1451 3041 1710 3126 Hagehistratus,
1735 3064 1807 3109 eum

458 3165 586 3229 titulum
609 3163 650 3225 H.
670 3162 750 3226 Rbbl
780 3162 903 3244 (Annal.
923 3160 1082 3225 Fleckeis.
1109 3159 1195 3242 CIX,
1217 3161 1287 3244 156)
1315 3180 1399 3225 anno
1423 3165 1521 3244 tarso
1544 3170 1711 3229 exaratum
1735 3185 1807 3231 esse

458 3285 593 3371 putavit,
612 3304 674 3367 quo
685 3282 942 3365 Hagesistratum
957 3260 1111 3365 ephorum
1123 3279 1224 3345 luisse
1236 3300 1277 3345 ex
1289 3280 1478 3365 ephororum
1490 3282 1598 3350 indica
1610 3285 1808 3370 Xenophon-

457 3407 499 3472 tis
514 3404 691 3471 Helleuiois
706 3404 827 3468 inserto
842 3408 966 3467 constat
986 3401 1082 3483 (Hell.
1100 3401 1142 3482 II,
1163 3403 1193 3484 3,
1216 3403 1281 3486 10).
1321 3401 1518 3469 Eudamidas
1539 3411 1646 3471 autem
1670 3407 1808 3492 ephorus

458 3534 490 3593 ot
505 3526 650 3591 Aristeus
670 3526 707 3608 (a)
729 3524 762 3588 in
777 3523 833 3588 illo
848 3522 964 3604 indice,
983 3522 1036 3605 qui
1052 3542 1154 3587 annos
1170 3525 1340 3587 432-404
1358 3524 1589 3608 complectitur,
1615 3527 1695 3592 nulli
1712 3536 1803 3594 suut:

458 3647 550 3711 vides
572 3645 671 3729 igitur
693 3644 804 3708 titulos
820 3669 840 3708 o
855 3651 887 3709 ct
902 3645 926 3706 d
939 3663 1023 3708 auno
1039 3642 1314 3726 432antiquiores
1336 3644 1498 3728 putandos
1518 3666 1599 3729 esse,
1627 3648 1654 3713 si
1677 3649 1805 3732 quidem

458 3768 542 3835 idem
564 3766 808 3850 Hagesistratus
831 3764 996 3848 utrobique
1019 3762 1227 3847 intellegitur.
1275 3764 1448 3849 Aliquanto
1477 3767 1633 3833 recentior
1661 3788 1734 3834 csse
1757 3770 1807 3835 vi-

457 3889 550 3955 detur
565 3913 591 3967 c,
618 3887 730 3969 inquo
749 3883 939 3972 llprarldu[;]
965 3906 1022 3969 pro
1041 3880 1220 3970 Ἀριστείδας
1244 3885 1395 3970 scriptum
1412 3893 1445 3952 et
1461 3885 1485 3948 Β
1501 3887 1608 3954 littera
1629 3888 1806 3958 innomine

459 4010 609 4092 Βοινέζας]
636 4009 704 4073 loco
726 4006 880 4090 digammi
902 4013 1058 4090 usurpata
1081 4014 1141 4070 est.
1189 4005 1255 4071 Sed
1277 4006 1373 4072 redeo
1396 4007 1438 4073 ad
1462 4009 1485 4070 d
1510 4008 1652 4093 titulum,
1686 4011 1806 4095 inquo

456 4128 694 4215 interpretando
717 4128 820 4194 editor
842 4127 993 4192 statuisse
1017 4126 1093 4191 milri
1115 4125 1241 4192 videtur
1264 4126 1348 4209 quod
1370 4147 1433 4192 non
1448 4128 1614 4195 terendum
1630 4131 1681 4197 sit.
1721 4133 1806 4199 Nam

457 4249 565 4324 ταῦτὰς
588 4249 631 4316 ad
648 4247 837 4336 Νικαρχίόαν
854 4247 962 4332 refert,
988 4268 1125 4331 eumque
1140 4247 1357 4313 accusativum
1380 4255 1472 4332 putat
1486 4251 1625 4317 nominis
1642 4251 1669 4316 N
1674 4255 1803 4341 ικαρχίς.

456 4379 571 4440 Verum
587 4392 626 4436 ea
643 4377 785 4456 putores
802 4376 866 4434 est:
900 4368 1066 4434 dedicatur
1082 4388 1176 4433 serra
1191 4369 1382 4454 Nicephoris
1399 4390 1550 4436 unacum
1566 4370 1642 4438 tiliis
1659 4374 1807 4460 Lylrippo

457 4502 489 4560 ot
512 4490 705 4559 Nicarolrida
726 4490 885 4572 rebusque
908 4488 975 4553 suis
997 4488 1155 4553 omuibus.
1199 4489 1242 4552 Ni
1264 4489 1311 4555 ita
1334 4489 1426 4572 soret,
1452 4487 1565 4557 ταύτὼν
1590 4494 1685 4560 scribi
1708 4495 1809 4562 debe-

458 4617 528 4694 bat3
561 4619 809 4678 consentaneum
834 4610 919 4676 enim
943 4615 993 4674 est
1015 4609 1155 4674 omnium
1178 4609 1232 4692 qui
1256 4609 1447 4678 dedicantur
1468 4633 1521 4679 res
1544 4634 1609 4679 una
1631 4636 1703 4681 cum
1725 4617 1808 4702 ipsis

456 4736 618 4802 dominum
641 4739 776 4797 mutare.
816 4730 915 4796 Vides
938 4737 1046 4794 autem
1061 4729 1195 4794 Niconis
1216 4730 1305 4796 illius
1329 4732 1382 4815 qui
1400 4733 1563 4799 dedicavit
1583 4743 1711 4820 gentem
1735 4759 1805 4804 oum

456 4857 566 4924 multis
582 4851 749 4939 Spartanis
765 4849 870 4917 studio
886 4849 1025 4934 equestri
1041 4850 1183 4916 deditam
1206 4851 1324 4932 fuisse;
1352 4853 1459 4919 omnia
1482 4855 1566 4920 enim
1590 4856 1688 4923 etiam
1712 4858 1808 4924 fami-

456 4980 519 5044 liae
535 4976 665 5043 nomina
681 4973 756 5038 inde
772 4972 943 5056 desumpta
957 4976 1043 5036 sunt.
1062 5007 1104 5018 -
1120 4970 1206 5049 Quid
1222 4980 1328 5039 autem
1344 4981 1394 5040 est
1408 4974 1489 5039 illud
1504 4971 1639 5042 tunicas?
1669 4978 1806 5045 Dnalem

455 5118 620 5168 numerum
638 5094 828 5161 substantivi
853 5100 946 5180 putat
962 5093 1118 5174 Foucart3
1146 5113 1206 5177 ego
1229 5095 1360 5161 verbum
1384 5091 1515 5183 ἐπήκουε
1534 5097 1555 5162 i.
1576 5118 1606 5164 e.
1631 5096 1805 5191 ἐμαρτύρει.
