4118 6240
371 681 422 737 DE
442 680 687 738 COMMUNIBUS
707 684 755 738 ET
775 684 969 739 conusens
988 685 1207 752 QUIBUSDAM
1226 686 1458 745 duduconbu
1528 694 1587 754 179

237 873 364 939 Baccho
385 873 518 957 eiusque
541 873 635 939 choro
658 876 866 960 praecipuum
889 877 993 941 locum
1017 877 1174 943 vindicari
1197 899 1259 944 non
1292 879 1376 963 fugit
1404 881 1514 947 doctos
1537 882 1589 946 in-

238 1000 406 1080 terpretes.

324 1116 471 1198 Denique
500 1117 561 1182 huc
590 1117 667 1184 facit
690 1119 802 1184 titulus
825 1138 919 1201 quem
942 1119 1084 1184 Perinthi
1114 1119 1146 1184 in
1179 1122 1255 1186 urbe
1278 1122 1480 1206 Propontidis
1512 1124 1586 1188 olim

237 1237 318 1303 vidit
347 1237 502 1322 Cyriacus
533 1239 751 1304 Anconitanus
789 1239 941 1304 ‘Graecis
973 1239 1085 1305 litteris
1118 1248 1150 1305 et
1180 1241 1306 1307 eximiis
1337 1245 1583 1328 corisculptum’‚

237 1380 339 1443 nuper
361 1359 487 1424 demum
511 1381 551 1426 ex
574 1358 739 1426 Thracieis
763 1360 889 1445 Cyriaci
914 1360 1002 1424 mess
1017 1360 1122 1426 editus
1148 1384 1168 1426 a
1192 1362 1363 1429 Dumontio
1386 1364 1588 1448 inscriptions

238 1490 269 1544 et
290 1482 620 1567 monumerrtafipurds
642 1483 680 1545 de
703 1482 735 1545 la
762 1481 883 1544 Thrace
909 1484 990 1545 1876
1013 1503 1045 1565 p.
1067 1486 1106 1546 38
1137 1489 1169 1547 et
1192 1483 1356 1566 aliquanto
1384 1486 1588 1569 integriora

238 1602 432 1667 Mommseno
468 1602 500 1667 iu
537 1602 751 1687 ephemeridis
789 1603 1018 1687 epigraphicue
1055 1604 1118 1667 vol.
1146 1604 1192 1668 lll
1221 1624 1253 1688 p.
1280 1609 1354 1670 236.
1382 1610 1461 1688 332,
1504 1608 1587 1673 unde

239 1743 352 1808 parum
375 1731 522 1789 accurate
551 1723 677 1809 repetiit
699 1722 869 1789 Kaibelius
892 1723 925 1788 in
949 1724 1174 1808 supplemento
1196 1725 1461 1810 epigrammatum
1485 1728 1589 1795 Grae-

238 1865 345 1910 corum
367 1845 487 1912 inserto
509 1846 610 1911 Musei
634 1845 766 1909 rhenani
790 1844 942 1909 volumini
966 1844 1108 1909 XXXIV
1130 1866 1161 1929 p.
1182 1849 1261 1911 213:

602 1963 774 2052 Εότυχεῖτε.
823 1962 967 2051 Χρησρός
992 1960 1162 2052 Σιβόλλης·

528 2085 626 2152 'hluto
650 2085 678 2152 δ’
706 2083 722 2151 ‘o
747 2082 869 2173 Βόκχος
892 2083 1004 2158 stelae<
1026 2083 1288 2172 uhqnlitrinlerep,

534 2206 639 2292 Trite¹l
668 2207 744 2293 αἷμα
768 2206 819 2273 καὶ
842 2212 900 2294 πὺρ
923 2207 974 2272 καὶ
996 2203 1076 2280 κόνις
1101 2205 1269 2294 μιγήσεται.

602 2331 747 2403 Σπέλλιος
771 2325 885 2415 little
908 2325 1125 2416 όιρχιβουκόλος

596 2447 803 2538 Ἡρακλείδου
823 2447 1016 2537 Ἀλεξάνδρου
1040 2447 1303 2537 ἀρχιμυστοὺντος.

240 2576 410 2640 Nominum
432 2575 569 2640 iudicem
593 2594 686 2656 quem
709 2572 857 2638 adiunxit
879 2571 1070 2636 Dumontius
1095 2592 1230 2655 eumque
1254 2581 1381 2639 secutus
1406 2575 1584 2656 Kaibelinn,

238 2697 280 2761 ad
303 2697 401 2762 alium
425 2695 552 2761 titulum
577 2694 734 2779 pertinere
758 2701 842 2758 recte
865 2693 1047 2758 observavit
1069 2694 1296 2760 Mommsenus.

324 2816 517 2882 vaticinium
548 2815 695 2900 Sibyllae
725 2814 880 2896 magister
909 2814 1114 2879 bubulcorum
1143 2814 1375 2882 Perinthinrum
1406 2817 1506 2901 lapidi
1536 2819 1588 2884 in-

239 2938 443 3003 scribendum
466 2936 589 3002 curavit
611 2935 762 3000 trimetris
791 2941 997 3020 conceptum,
1032 2935 1167 3000 notabili
1190 2937 1353 3022 exemplo:
1389 2958 1462 3002 uam
1493 2960 1586 3022 quem

240 3078 336 3123 unum
368 3077 468 3142 usquc
501 3057 583 3124 adeo
619 3057 765 3122 novimus
800 3075 928 3121 versum
958 3055 1153 3140 Sibyllinum
1190 3057 1362 3124 iambicum
1404 3059 1509 3144 lltym.
1543 3061 1584 3126 hl.

240 3201 271 3244 v.
298 3176 401 3266 Ἀρόης

563 3296 650 3386 Ἀρόη
674 3301 830 3385 τρίπυργος
853 3295 951 3363 ἔσσετ’
979 3295 1131 3383 εὐδαίμων
1153 3296 1248 3381 πόλις,

240 3423 281 3487 de
303 3422 373 3488 eius
396 3421 518 3506 origine
534 3429 663 3506 propter
684 3421 790 3505 ipsum
814 3427 948 3486 metrum
973 3420 1150 3484 dubitatum
1175 3428 1224 3487 est
1238 3423 1278 3485 ab
1295 3423 1477 3487 Alexandro
1500 3444 1583 3489 orac.

239 3544 355 3629 Sibyll.
373 3545 405 3608 II
428 3566 459 3629 p.
482 3546 541 3607 109
558 3562 607 3624 sq.
655 3541 777 3619 Quodsi
800 3542 963 3606 oraculum
987 3541 1070 3606 illud
1092 3540 1287 3607 Perinthium
1312 3549 1397 3609 recte
1419 3543 1584 3628 intellego,

239 3686 277 3730 eo
300 3665 380 3730 nihil
403 3664 464 3730 nisi
488 3669 663 3748 apparatus
683 3662 831 3727 sacrificii
853 3662 968 3746 mystis
992 3662 1097 3728 furore
1120 3662 1276 3727 Bacchico
1298 3664 1425 3729 satiatis
1448 3664 1586 3730 faciendi

238 3808 296 3871 per
318 3786 492 3869 imaginem
517 3784 718 3869 praecipitur.
766 3784 805 3848 ld
827 3790 934 3848 autem
958 3781 1052 3848 facile
1067 3791 1202 3868 apparet
1217 3805 1313 3867 quam
1336 3791 1411 3870 apte
1432 3793 1586 3868 congruat

238 3929 310 3973 cum
333 3907 465 3972 consilio
488 3906 677 3990 hymnorum
700 3906 838 3985 illorum,
866 3925 997 3986 quorum
1023 3905 1240 3988 unusquisque
1260 3905 1376 3988 quibus
1400 3906 1495 3971 rebus
1519 3907 1587 3971 sin-

238 4028 322 4111 gulis
346 4028 415 4094 deis
432 4048 483 4093 res
498 4026 608 4092 divina
623 4025 773 4091 iacienda
795 4026 836 4089 sit
859 4026 890 4089 in
915 4026 1017 4092 fronte
1033 4026 1169 4091 sollicite
1192 4024 1378 4090 adnotatum
1402 4026 1515 4092 habet:
1541 4028 1588 4091 si-

239 4150 326 4214 milia
342 4149 531 4232 singillatim
545 4147 706 4232 descripta
721 4148 871 4230 leguntur
883 4147 915 4211 in
932 4147 1062 4228 reliquia
1075 4147 1230 4230 quoernatis
1243 4166 1325 4228 quae
1337 4147 1457 4232 Orphei
1470 4169 1586 4213 nomen

238 4291 315 4354 prae
338 4291 373 4336 se
389 4271 505 4352 ferunt,
533 4262 621 4335 velut
636 4268 921 4352 Argonautioorum
939 4289 969 4332 v.
990 4270 1050 4331 323
1067 4288 1136 4351 sqq.
1164 4268 1359 4333 Lithicorum
1383 4289 1414 4331 v.
1434 4269 1495 4331 728
1512 4289 1584 4351 sqq.

326 4393 374 4456 Ex
403 4392 454 4456 his
484 4390 658 4473 aliquando
681 4389 721 4454 de
745 4389 868 4473 origine
890 4395 923 4454 et
946 4409 1006 4454 usu
1029 4388 1136 4474 quossis
1159 4388 1248 4453 illius
1272 4389 1299 4452 si
1323 4387 1374 4453 dis
1398 4390 1504 4474 placet
1526 4388 1587 4455 Or-

237 4513 351 4598 phicae
374 4513 472 4598 paulo
495 4512 600 4594 magis
623 4512 787 4577 definitam
811 4510 991 4595 opinionem
1012 4509 1119 4574 animo
1136 4510 1306 4574 informare
1324 4509 1443 4574 licebit.
1484 4509 1586 4575 Sedes

239 4654 364 4718 quoque
388 4634 458 4699 eius
481 4633 589 4698 nescio
605 4653 645 4696 an
661 4633 694 4698 in
710 4654 750 4697 ea
767 4632 896 4715 regione
912 4631 981 4696 iure
997 4637 1178 4715 quaeratur,
1205 4631 1260 4694 ubi
1278 4626 1430 4717 βουκόλων
1447 4631 1585 4714 collegia

238 4755 384 4822 extitisse
415 4754 497 4819 tituli
529 4759 696 4819 testantur.
746 4753 845 4819 Curius
867 4752 983 4838 ‘poesis
1013 4751 1097 4834 quod
1128 4751 1217 4816 nulla
1248 4752 1315 4816 fere
1345 4751 1432 4836 apud
1460 4760 1585 4817 veteres

236 4878 324 4964 ipsos
347 4875 500 4941 memoria
522 4875 687 4960 reperitur,
714 4874 747 4939 id
770 4893 832 4939 uon
856 4873 1035 4939 mirandum
1059 4873 1092 4938 in
1111 4872 1254 4938 obscuris
1269 4873 1584 4958 hymnographorum

314 5158 332 5219 ¹)
355 5152 531 5226 πλησθήσεται
552 5153 708 5216 Kaibelius‚
729 5153 785 5205 τότε
804 5152 1039 5206 Wilamowitzius
1057 5151 1196 5205 restituit:
1220 5151 1342 5205 traditur
1360 5151 1534 5221 πληιταπουε.

1322 5253 1374 5307 12*
1399 5302 1402 5307 .
