4206 6248
520 655 538 716 2
1085 656 1117 711 Ε.
1139 656 1300 714 CURTIUS

518 843 707 925 ambitione,
742 851 777 909 ut
805 864 845 910 ex
875 852 1018 911 veterum
1040 847 1193 912 Italorum
1223 847 1328 931 gloria
1357 867 1447 912 suam
1470 866 1616 931 quaeque
1639 847 1715 912 urbs
1737 854 1859 933 partem

517 963 658 1048 arripere
681 964 819 1031 studeat.
867 965 920 1032 Sic
949 974 1118 1052 postquam
1142 967 1258 1034 Genua
1284 967 1381 1034 totius
1408 967 1497 1032 sinus
1519 967 1674 1052 Ligustici
1696 968 1772 1033 urbs
1794 968 1858 1053 pri-

517 1084 619 1150 maria
641 1084 727 1151 facta
749 1093 808 1169 est,
835 1086 1035 1172 Genueuses,
1061 1089 1216 1155 Columbo
1240 1107 1297 1154 suo
1319 1108 1383 1153 non
1405 1088 1553 1171 conteuti,
1581 1108 1651 1154 cum
1672 1089 1757 1154 viros
1770 1088 1861 1154 illinc

517 1205 669 1272 oriundos
695 1214 848 1292 quotquot
874 1208 908 1273 in
929 1209 1118 1294 antiquitate
1140 1210 1376 1292 inclaruerunt,
1411 1209 1474 1275 sibi
1496 1209 1659 1275 vindicare
1681 1208 1855 1290 studerent,

511 1327 615 1393 etiam
637 1327 880 1395 Volaterranum
902 1330 1065 1413 Persium,
1092 1338 1203 1415 portus
1225 1331 1384 1397 Lunensis
1406 1331 1564 1413 accolam,
1598 1331 1750 1415 Ligurem
1772 1329 1860 1396 iece-

516 1454 600 1513 runt.
646 1449 715 1515 Hoc
745 1450 878 1515 consilio
907 1449 1027 1535 scripta
1056 1458 1105 1517 est
1132 1451 1332 1534 dissertatio,
1366 1472 1462 1536 quam
1493 1450 1533 1517 de
1556 1450 1659 1518 Persii
1681 1451 1804 1535 origiue
1827 1459 1860 1517 et

516 1569 621 1654 patria
642 1569 808 1656 Gasparus
831 1571 940 1637 Massa
963 1571 1097 1638 Genuae
1120 1572 1222 1638 edidit
1243 1593 1273 1638 a.
1300 1572 1522 1638 MDovan.
1570 1572 1759 1638 Accuratius
1787 1579 1860 1657 post

515 1690 732 1757 Mazocchium
771 1692 916 1775 (Dissert.
948 1693 1073 1759 Corton.
1100 1692 1156 1775 111)
1196 1692 1236 1759 de
1268 1700 1360 1779 portu
1390 1693 1531 1759 Lunensi
1564 1693 1692 1779 scripsit
1724 1695 1858 1761 Carolus

516 1811 649 1895 Promis,
676 1813 731 1895 qui
755 1812 795 1879 de
816 1813 1044 1896 investiganda
1066 1813 1255 1896 antiquitate
1278 1821 1473 1900 quantopere
1496 1814 1657 1898 meruerit,
1683 1813 1858 1879 aRicardo

515 1932 661 1999 Schoene
683 1954 787 2019 nuper
809 1941 989 2000 enarratum
1013 1936 1106 2017 esth.
1148 1934 1213 2000 Sed
1235 1935 1263 2000 is
1286 1954 1412 2019 quoque
1434 1936 1557 2018 omisit,
1586 1955 1669 2020 quae
1691 1934 1735 2000 ad
1756 1935 1858 2000 histo-

514 2053 595 2118 riam
619 2055 798 2121 commercii
820 2055 854 2120 in
876 2055 958 2120 mari
981 2055 1213 2122 mediterraneo
1231 2056 1401 2141 pertinent.
1440 2057 1554 2139 Neque
1571 2055 1722 2122 Germani
1739 2074 1778 2121 ea
1792 2076 1856 2138 qua

514 2194 576 2259 par
605 2181 654 2240 est
684 2175 854 2259 diligentia
883 2176 923 2242 de
952 2176 1047 2242 huius
1076 2176 1177 2242 litoris
1206 2184 1321 2243 natura
1350 2184 1447 2261 atque
1468 2177 1602 2243 historia
1624 2181 1851 2261 exposuerunt.

514 2295 640 2361 Etenim
663 2297 691 2362 si
713 2297 746 2362 in
769 2297 849 2362 libro
872 2317 966 2381 quem
990 2297 1030 2363 de
1046 2298 1189 2363 Etruscis
1203 2298 1379 2364 Muellerus
1401 2296 1540 2383 scripsit,
1565 2297 1727 2364 Deeckius
1740 2297 1855 2363 itemm

513 2415 625 2500 edidit,
644 2417 725 2483 haec
740 2417 807 2484 fere
822 2418 963 2501 legimus
983 2418 1007 2502 (l
1022 2439 1055 2503 p.
1074 2422 1113 2482 27
1118 2420 1146 2503 8)
1161 2445 1166 2482 :
1199 2421 1280 2484 ‘non
1296 2419 1488 2502 dubitamus,
1507 2418 1583 2503 quin
1599 2418 1651 2483 hic
1666 2423 1774 2503 portus
1790 2418 1855 2481 Lu-

513 2537 621 2602 nensis
650 2538 714 2603 iam
744 2545 818 2604 ante
848 2559 944 2622 quam
974 2539 1188 2622 aLiguribus
1210 2547 1383 2625 occupatus
1406 2546 1472 2622 est,
1505 2545 1599 2606 notus
1622 2538 1749 2604 fuerit':
1783 2537 1854 2621 quis

512 2677 631 2741 quaeso
652 2659 780 2744 putabit
800 2659 899 2726 talem
922 2666 1057 2745 portum,
1084 2661 1166 2726 sicut
1186 2661 1325 2726 insulam
1348 2661 1510 2743 quandam
1532 2667 1621 2726 trans
1643 2679 1731 2725 mare
1746 2659 1851 2738 sitam,

512 2780 605 2862 quasi
628 2779 757 2846 fortuito
780 2780 904 2865 detegil
945 2781 1055 2864 Immo,
1082 2788 1192 2866 portus
1214 2781 1399 2848 notissimus
1422 2788 1501 2864 erat,
1527 2800 1598 2846 cum
1622 2787 1745 2864 gentes,
1772 2800 1854 2863 quac

510 2900 544 2964 in
566 2901 727 2968 montibus
749 2902 946 2984 accolebant,
972 2903 1101 2986 ignotae
1124 2909 1231 2983 erant3
1257 2923 1331 2968 nam
1346 2902 1401 2968 ubi
1416 2902 1488 2984 quis
1507 2922 1632 2967 omnem
1651 2908 1684 2967 et
1698 2901 1854 2967 Graeciae

511 3026 543 3086 et
565 3021 681 3088 Italiae
711 3022 874 3089 historiam
904 3024 1068 3107 antiquam
1099 3024 1140 3089 ab
1162 3023 1278 3088 insulis
1299 3021 1385 3089 litori
1406 3022 1629 3088 adiacentibus
1651 3029 1684 3088 et
1705 3042 1854 3108 promon-

510 3142 599 3208 toriis
622 3143 763 3229 incipere
784 3144 956 3225 intellexit,
983 3145 1080 3210 etiam
1103 3145 1214 3210 horum
1238 3145 1398 3226 locorum,
1424 3143 1479 3208 ubi
1501 3144 1677 3209 Tuscorum
1701 3119 1735 3209 et
1755 3143 1854 3227 Ligu-

510 3283 580 3328 rum
603 3264 739 3329 cominia
761 3272 869 3347 eraut,
901 3264 1068 3330 historiam
1097 3265 1130 3330 in
1160 3272 1251 3350 portu
1277 3265 1436 3332 maritimo
1457 3264 1653 3330 incunabula
1674 3283 1735 3330 sua
1756 3270 1852 3345 atque

508 3385 649 3469 origines
671 3386 790 3452 habere
814 3385 961 3451 dubitare
983 3406 1046 3451 non
1068 3385 1194 3470 poterit.

595 3506 709 3589 Neque
732 3506 914 3589 defuerunt,
944 3506 999 3590 qui
1021 3505 1116 3571 huius
1139 3506 1380 3591 antiquissimae
1395 3506 1548 3572 historiae
1563 3507 1699 3573 litoralis
1714 3504 1853 3590 vestigia
1960 3504 1962 3508 ’

509 3626 645 3693 feliciter
674 3628 875 3711 indagarent.
922 3626 1064 3692 Praeivit
1084 3627 1221 3693 Ioannes
1244 3627 1393 3709 Fraccia,
1428 3627 1482 3711 qui
1510 3627 1545 3692 in
1574 3627 1657 3694 libro
1687 3648 1781 3712 quem
1812 3627 1852 3693 de

509 3749 665 3833 Segestae
694 3748 938 3832 antiquitatibus
961 3747 1088 3832 scripsit
1110 3748 1230 3832 primus
1254 3749 1433 3832 Segestana
1454 3748 1583 3812 nomina
1605 3768 1704 3833 prope
1728 3750 1851 3814 Lunam

508 3869 672 3936 indicavit.
721 3869 856 3935 Secutus
879 3875 929 3935 est
942 3868 1082 3934 Adolfus
1096 3868 1202 3951 Holm,
1229 3869 1262 3934 in
1285 3869 1417 3935 historia
1432 3868 1563 3934 Siciliae
1590 3869 1615 3952 (Ι
1630 3890 1661 3954 p.
1682 3872 1734 3935 89.
1754 3872 1847 3954 375);

384 4029 388 4038 .
509 3991 559 4056 cui
574 3989 796 4056 lubentissime
811 3988 975 4056 adsentior
989 4010 1052 4055 non
1068 3988 1195 4056 fortuito
1211 3990 1331 4057 factum
1348 4009 1430 4073 esse,
1457 3996 1492 4055 ut
1509 3989 1571 4056 tn'a
1586 3990 1730 4056 eiusdem
1746 3991 1852 4074 gentis

507 4111 638 4176 nomina
665 4110 828 4194 (Segesta,
854 4110 1001 4194 Entella,
1027 4111 1125 4195 Eryx)
1160 4110 1192 4175 iu
1215 4111 1329 4178 eodem
1352 4118 1444 4197 portu
1467 4111 1609 4176 Lunensi
1631 4111 1847 4196 reperiantur;

508 4252 701 4315 quamquam
724 4230 783 4297 hoc
805 4231 884 4296 mihi
906 4231 1103 4316 persuadere
1125 4252 1189 4297 non
1211 4212 1314 4317 potuit
1336 4232 1385 4298 vir
1407 4231 1621 4315 doctissimus,
1647 4252 1688 4297 ex
1703 4232 1851 4298 interiore

464 4423 466 4431 ,
506 4354 587 4419 Asia
608 4354 741 4437 Elymos
768 4352 843 4417 illos
872 4374 892 4418 a
914 4352 1127 4418 Phoenicibus
1157 4352 1277 4419 accitos
1304 4372 1393 4437 csse,
1425 4372 1505 4438 quos
1528 4373 1636 4419 secum
1658 4353 1691 4418 in
1713 4352 1850 4418 navibus

507 4474 710 4541 deducerent.
759 4473 887 4538 Certum
917 4480 1024 4540 autem
1053 4480 1102 4539 est
1130 4480 1282 4558 utrosque
1312 4474 1408 4541 etiam
1431 4475 1494 4541 huc
1516 4474 1644 4541 venisse
1668 4472 1851 4540 coniunctos

506 4603 601 4680 atque
624 4596 683 4661 hos
704 4594 791 4660 locos
813 4593 1019 4677 commercio,
1052 4593 1137 4678 quod
1158 4594 1256 4660 maris
1278 4594 1504 4661 mediterranei
1534 4595 1661 4661 accolas
1690 4595 1723 4660 in
1754 4616 1850 4661 uuam

506 4716 599 4798 quasi
622 4715 806 4782 societatem
829 4714 1069 4780 coniuncturum
1093 4722 1171 4799 erat,
1197 4715 1318 4800 primos
1332 4716 1511 4800 aperuisse.
1551 4714 1737 4781 Adsentitur
1752 4716 1848 4781 etiam

505 4837 675 4920 Helbigius
696 4835 731 4900 in
752 4834 833 4901 libro
856 4833 896 4901 de
919 4834 1011 4900 Italis
1033 4834 1175 4900 Padanis
1197 4856 1229 4920 p.
1257 4837 1309 4900 37.

594 5096 610 5158 ¹)
631 5091 717 5147 Arch.
738 5090 858 5159 Zeitung
876 5089 1002 5145 XXXVI
1020 5107 1047 5161 p.
1072 5093 1159 5162 lnqq.
