4206 6248
520 649 560 714 66
1096 647 1132 704 R.
1153 648 1291 705 HIRZEL

519 839 624 906 teticis
647 838 874 925 patrocinatur.
921 840 1006 907 Nam
1029 839 1216 907 Ciceronem
1238 840 1289 905 illi
1311 840 1389 925 ipsi,
1420 840 1476 924 qui
1499 840 1636 924 logicam
1658 861 1679 907 a
1701 841 1868 928 Peripate·

519 961 592 1026 ticis
614 960 675 1025 hoc
696 960 825 1026 nomine
847 959 1035 1044 insignitam
1058 980 1131 1027 esse
1154 959 1362 1045 contendunt,
1389 961 1430 1028 do
1453 961 1521 1027 solo
1536 968 1679 1047 tempore
1694 968 1866 1029 testantem

520 1081 643 1147 faciunt
673 1087 812 1148 cetemm
842 1082 913 1147 eius
942 1083 1110 1149 verborum
1140 1081 1235 1147 nimis
1267 1080 1429 1148 incuriosi.
1478 1083 1578 1150 Cuius
1605 1083 1768 1150 utilissimi
1791 1083 1871 1149 scri-

519 1203 619 1288 ptoris
643 1202 740 1269 libros
763 1223 835 1268 cum
857 1223 921 1269 non
943 1223 983 1269 ea
1004 1223 1069 1287 qua
1091 1224 1151 1290 par
1172 1209 1221 1268 est
1243 1203 1302 1269 sed
1324 1223 1365 1270 ea
1385 1223 1450 1288 qua
1471 1203 1541 1289 ipse
1557 1204 1685 1290 scripsit
1698 1204 1870 1289 diligentia

519 1330 767 1409 pertractarent,
804 1324 922 1390 accidit
948 1345 1012 1391 non
1041 1325 1144 1391 solum
1174 1330 1210 1390 ut
1238 1344 1279 1390 ex
1301 1325 1476 1410 longinquo
1506 1332 1617 1411 petere
1638 1325 1761 1392 vellent
1782 1325 1870 1409 quod

520 1444 564 1509 ad
592 1465 707 1511 manus
737 1453 841 1529 esset,
875 1445 1052 1512 sedetiam
1075 1451 1110 1511 ut
1134 1445 1168 1510 iu
1190 1465 1322 1528 gravem
1346 1466 1484 1512 errorem
1506 1446 1696 1513 inciderent.
1742 1447 1868 1513 Libello

518 1540 563 1631 ¹de
585 1565 652 1631 lato
676 1566 731 1632 uhi
753 1565 919 1651 praefatur
941 1566 1052 1632 Cicero
1084 1567 1255 1649 ‘obscura,
1289 1566 1409 1651 inquit,
1442 1567 1589 1650 quaestio
1611 1575 1661 1634 est
1682 1590 1778 1654 quam
1800 1565 1868 1655 περὶ
1953 1649 1957 1654 “

524 1689 654 1753 δυνατῶν
676 1687 861 1774 philosophi
883 1688 1067 1774 appellant,
1092 1695 1222 1771 totaque
1245 1694 1295 1754 est
1317 1684 1440 1774 λογική,
1466 1709 1563 1774 quam
1586 1689 1741 1756 rationem
1764 1689 1869 1756 dissc-

521 1808 613 1875 rendi
642 1811 746 1874 voco’.
793 1809 884 1888 Quae
914 1809 1014 1875 verba
1042 1808 1146 1894 ipsius
1169 1808 1334 1875 Ciceronis
1365 1816 1439 1875 sunt
1468 1830 1572 1895 neque
1600 1811 1658 1876 alii
1686 1811 1869 1877 tribuuntur

520 1950 648 2014 eornm,
681 1929 737 2013 qni
765 1930 800 1996 iu
829 1930 959 2013 dialogo
989 1930 1271 1996 sermocinantium
1300 1937 1410 2016 partes
1431 1937 1551 1999 tenent.
1598 1932 1679 1998 Inde
1701 1931 1867 2018 probabile

520 2050 556 2116 lit
577 2069 633 2117 eos
654 2050 874 2137 philosophos,
900 2070 981 2134 quos
1002 2049 1073 2135 ipse
1089 2050 1199 2117 Cicero
1222 2050 1256 2116 in
1278 2049 1424 2117 doctrina
1446 2051 1546 2119 duces
1568 2058 1698 2119 secutus
1713 2061 1773 2137 est,
1799 2052 1868 2118 dis·

521 2171 651 2238 serendi
677 2171 834 2238 rationem
864 2172 1049 2257 appellasse
1079 2167 1213 2259 λογικήν.
1261 2171 1328 2238 Sed
1357 2194 1397 2239 ea
1426 2194 1460 2240 re
1490 2194 1553 2239 non
1583 2175 1719 2240 multum
1749 2173 1865 2240 lucrati

519 2293 683 2376 videmur,
710 2292 861 2377 quoniam
883 2293 940 2358 ille
962 2314 1026 2359 uon
1048 2293 1082 2360 iu
1104 2314 1169 2359 una
1190 2293 1301 2377 aliqua
1322 2293 1527 2380 philosophia
1547 2295 1707 2362 habitavit
1728 2295 1787 2361 sed
1808 2315 1867 2381 per

518 2415 628 2500 plures
656 2413 770 2480 incerti
797 2413 896 2479 animi
924 2422 1062 2499 vagatus
1091 2422 1141 2482 cst
1170 2421 1219 2498 et,
1253 2421 1288 2481 ut
1309 2420 1436 2500 tempus
1459 2436 1499 2482 ac
1520 2435 1573 2481 res
1596 2416 1737 2500 ferebat,
1771 2415 1866 2482 modo

517 2534 580 2602 hnc
609 2535 703 2602 modo
731 2535 811 2601 illuc
841 2555 913 2602 sese
945 2535 1112 2602 convertit.
1158 2537 1201 2603 Ut
1229 2556 1305 2602 vero
1329 2536 1381 2601 vel
1411 2536 1443 2601 in
1469 2536 1612 2602 maxima
1633 2537 1733 2603 animi
1755 2536 1866 2602 incon-

521 2656 639 2723 stantia
660 2663 694 2723 et
715 2656 870 2723 varietate
892 2657 949 2724 illo
971 2664 1118 2724 versatus
1133 2657 1184 2742 sit,
1210 2657 1282 2742 quis
1298 2678 1448 2742 umquam
1464 2657 1589 2724 audivit
1603 2679 1676 2724 eum
1692 2658 1866 2742 aliquando

518 2777 767 2864 Peripateticum
791 2798 826 2844 se
849 2778 1028 2864 professum
1052 2785 1148 2846 essc‘.l
1180 2779 1299 2845 Contra
1321 2779 1421 2844 voluit
1443 2785 1528 2844 certe
1551 2778 1636 2845 iuter
1656 2779 1867 2845 Academicos

518 2899 643 2965 haberi.
690 2899 753 2978 Qui
774 2920 960 2983 numquam,
986 2907 1155 2986 postquam
1178 2900 1320 2967 Socratis
1343 2899 1549 2985 disciplinam
1571 2900 1789 2966 renovandam
1805 2900 1867 2966 sibi

519 3027 767 3107 proposuerunt,
803 3027 971 3107 tantopere
1004 3021 1183 3088 institutum
1214 3042 1308 3087 snum
1339 3020 1574 3104 deseruissent,
1612 3027 1647 3087 ut
1675 3021 1866 3097 dialecticae

519 3163 634 3208 nomen
663 3142 738 3208 iude
767 3142 836 3209 lere
859 3164 879 3208 a
901 3143 1032 3210 Socrate
1060 3143 1214 3210 traditum
1241 3143 1375 3226 eiusque
1398 3150 1431 3209 et
1452 3141 1596 3208 Platonis
1618 3141 1868 3228 philosophandi

517 3263 634 3329 rationi
656 3262 749 3330 unice
771 3271 883 3349 aptum
906 3285 979 3331 oum
1002 3283 1083 3329 novo
1105 3270 1337 3330 commutarent
1359 3270 1392 3330 et
1411 3262 1469 3329 tali
1491 3262 1576 3347 quod
1598 3262 1761 3348 peculiare
1783 3263 1867 3329 illud

518 3384 742 3470 philosophiae
764 3405 868 3469 genus
889 3385 995 3452 minus
1016 3385 1100 3452 hene
1123 3386 1277 3452 declaret.
1323 3384 1438 3471 Apage
1459 3384 1558 3468 igitur
1579 3384 1676 3450 etiam
1698 3385 1782 3451 hanc
1796 3385 1867 3470 opi-

519 3506 659 3571 nionem.
705 3507 842 3574 Restant
863 3507 971 3574 Stoici.
1020 3506 1107 3585 Quos
1138 3513 1262 3573 constat
1284 3506 1471 3573 Ciceronem
1493 3505 1539 3570 ihi
1560 3526 1686 3590 quoque
1709 3526 1772 3572 non
1794 3526 1866 3572 raro

518 3627 736 3712 expressisse,
769 3627 824 3693 ubi
846 3627 1034 3694 Academici
1062 3633 1097 3693 nt
1118 3628 1165 3693 ita
1187 3627 1293 3694 dicam
1315 3627 1403 3713 pelle
1425 3624 1557 3692 indutus
1579 3625 1613 3692 id
1635 3627 1863 3693 dissimulavit.

519 3749 731 3815 Luculentum
759 3748 855 3816 huius
885 3749 932 3814 rei
955 3749 1138 3833 exemplum
1160 3749 1194 3814 in
1217 3747 1358 3815 secundo
1381 3747 1422 3814 dc
1444 3746 1561 3814 linibus
1584 3755 1645 3813 est.
1691 3747 1864 3831 Postquam

518 3869 604 3936 enim
626 3871 668 3937 ab
689 3870 778 3936 initio
793 3870 1058 3937 Academicorum
1080 3868 1114 3935 in
1137 3868 1331 3955 disputando
1353 3889 1473 3935 morem
1496 3867 1668 3954 descripsit
1688 3889 1807 3952 eosque
1830 3889 1866 3936 se

519 4001 702 4056 secuturum
732 4010 804 4058 esse
836 3992 998 4078 promisit,
1031 3991 1065 4056 in
1089 3968 1205 4056 ceteris
1227 4011 1310 4073 qnae
1333 3997 1443 4056 contra
1464 3989 1639 4075 Epicureos
1661 3989 1866 4076 disputantur

518 4112 641 4178 exstitit
662 4133 836 4196 germanus
858 4112 999 4196 Stoicus,
1026 4118 1062 4177 ut
1084 4132 1193 4178 eorum
1215 4111 1354 4178 alicuius
1376 4132 1417 4177 ex
1440 4110 1567 4197 scriptis
1590 4111 1671 4178 haec
1694 4110 1865 4198 desumpta

518 4253 591 4298 esse
621 4233 685 4298 iam
707 4234 862 4300 Nicolans
884 4233 1017 4318 Madvig
1045 4231 1251 4299 intellexerit.
1298 4233 1557 4299 Consentaneum
1579 4239 1686 4299 autem
1710 4240 1760 4298 est
1781 4253 1864 4317 quac

518 4355 648 4421 brevius
678 4374 717 4421 ac
745 4356 927 4422 summatim
955 4355 990 4421 in
1019 4354 1123 4441 primo
1154 4353 1195 4420 de
1216 4353 1335 4421 finibus
1358 4360 1467 4420 contra
1488 4353 1663 4440 Epicureos
1684 4354 1726 4419 ab
1750 4354 1864 4420 eodem

519 4476 672 4542 Cicerone
695 4476 898 4542 disseruntur
920 4497 960 4542 ex
983 4476 1096 4543 eodem
1118 4475 1252 4542 fluxisse
1273 4475 1372 4543 fonte.
1420 4475 1523 4554 Quem
1546 4495 1618 4541 cum
1641 4495 1743 4561 nuper
1757 4475 1864 4541 acrius

517 4597 779 4681 investigassent,
805 4597 976 4664 artioribus
998 4598 1095 4684 paulo
1117 4596 1235 4663 linibus
1250 4595 1406 4682 Madvigii
1428 4595 1582 4663 iudicium
1605 4595 1866 4683 circumscripse-

518 4727 608 4805 runt,
641 4719 688 4785 ita
715 4726 752 4785 ut
780 4740 879 4785 unum
901 4718 1042 4803 aliquem
1065 4739 1106 4785 ex
1128 4718 1356 4804 posterioribus
1379 4717 1496 4785 Stoicis
1518 4717 1681 4785 Ciceronis
1703 4726 1865 4784 auctorem

518 4840 620 4907 luisse
650 4840 804 4907 dicerent.
852 4841 894 4906 Et
920 4839 1003 4906 bene
1029 4840 1159 4924 quidem
1182 4839 1257 4907 huic
1280 4840 1327 4906 rei
1349 4839 1512 4924 congruit,
1545 4837 1631 4924 quod
1652 4839 1726 4904 aliis
1749 4838 1865 4905 Stoicis

517 4962 616 5027 alium
646 4961 871 5048 philosophiae
900 4961 1040 5047 partium
1069 4961 1214 5028 ordinem
1244 4944 1459 5029 statuentibus
1489 4961 1523 5026 in
1551 4961 1653 5047 primo
1683 4959 1724 5025 dc
1746 4959 1864 5025 finibus

522 5083 575 5171 (cl.
594 5087 624 5168 6,
648 5085 778 5167 lisqq.]
804 5083 833 5147 is
856 5082 993 5168 obtinet,
1026 5103 1121 5167 quem
1143 5084 1332 5151 Panaetium
1355 5091 1388 5150 et
1409 5082 1617 5149 Posidonium
1640 5087 1766 5147 secutos
1787 5079 1866 5145 Dio-
