4118 6240
490 612 549 673 170
1048 614 1084 667 R.
1104 612 1270 668 SOHOELL

482 799 599 866 deinde
622 800 736 866 eadem
760 821 852 867 sacra
874 803 948 869 aedi
971 804 1130 869 communi
1152 824 1215 870 non
1239 805 1342 869 solum
1365 805 1513 870 saorilicii
1536 805 1588 871 die
1611 806 1745 887 inferre,
1772 827 1830 873 ve-

481 943 551 988 rum
581 942 639 1008 per
666 943 760 988 omne
789 931 917 1008 tempus
946 925 1106 991 servanda
1127 925 1254 991 tradere
1276 926 1441 991 iubentur:
1477 927 1569 992 tertio
1593 928 1671 992 scito
1695 928 1829 1010 nequis

482 1064 634 1128 umquam
663 1051 791 1128 praeter
817 1045 963 1129 Clytidas
984 1047 1076 1114 aede
1104 1046 1164 1112 illa
1191 1053 1298 1112 utatur
1326 1048 1497 1113 multarum
1528 1055 1561 1113 et
1588 1049 1827 1115 execrationum

481 1187 542 1253 ope
565 1171 706 1232 cavetur.

569 1289 638 1353 Hoc
668 1296 858 1372 argumento
886 1309 949 1354 non
977 1290 1083 1354 minus
1106 1309 1202 1372 quam
1225 1289 1297 1375 ipso
1319 1289 1447 1355 nomine
1469 1288 1601 1355 adducti
1625 1296 1700 1355 sunt
1723 1290 1827 1356 edito-

483 1428 551 1489 res,
584 1415 619 1473 ut
641 1408 788 1494 Clytidas
811 1409 908 1476 Chios
937 1430 1000 1475 non
1024 1409 1168 1476 diversos
1191 1410 1292 1476 fuisse
1315 1410 1493 1476 iudicarent
1515 1412 1557 1476 ab
1580 1393 1739 1496 Clytiadis
1762 1412 1827 1477 illis

482 1530 632 1595 Eleorum
663 1530 787 1596 familia
816 1530 1008 1597 sacerdotali
1037 1539 1069 1597 et
1091 1531 1251 1614 vaticina,
1285 1552 1368 1615 quae
1391 1539 1491 1597 artem
1514 1531 1655 1597 divinam
1679 1554 1700 1597 a
1722 1533 1828 1618 Clytio

482 1650 670 1737 Amphiarai
686 1659 801 1738 nepote
816 1652 884 1718 iure
901 1652 1093 1718 hereditario
1114 1653 1264 1718 traditam
1288 1653 1507 1737 profitebatur.
1547 1654 1732 1738 Speciosam
1756 1674 1827 1720 esse

483 1793 556 1838 eam
586 1773 855 1857 comparationem
887 1772 1043 1839 concedo:
1079 1781 1112 1838 at
1134 1794 1247 1840 vereor
1269 1782 1303 1839 ut
1326 1775 1460 1839 multum
1483 1794 1524 1840 ex
1547 1796 1587 1841 ea
1608 1775 1823 1861 proficiamus,

483 1894 600 1960 nedum
623 1894 794 1978 quiequam
817 1895 935 1960 referat
956 1916 1126 1978 quaerere,
1156 1916 1220 1978 qua
1242 1896 1296 1962 via
1319 1895 1442 1961 familia
1464 1897 1544 1962 Elea
1566 1897 1618 1962 vel
1642 1898 1710 1962 eius
1733 1897 1828 1962 lami-

481 2016 545 2081 liae
575 2035 718 2100 propago
747 2015 856 2081 nescio
885 2037 969 2098 quae
1000 2016 1032 2081 in
1055 2017 1170 2083 Chium
1200 2016 1338 2082 insulam
1366 2017 1557 2102 peruenerit.
1605 2019 1719 2102 Neque
1741 2019 1825 2084 enim

482 2136 556 2201 hinc
586 2136 672 2220 quod
694 2156 760 2202 rem
783 2138 921 2203 maxime
944 2137 1085 2204 continet
1110 2138 1306 2223 explicatur:
1340 2138 1495 2204 rationem
1519 2137 1590 2204 dico
1613 2139 1695 2205 inter
1717 2160 1825 2205 com-

484 2257 620 2322 munia
653 2278 746 2324 saera
778 2254 824 2340 (τὰ
858 2256 924 2346 ἱερὰ
956 2256 993 2323 τοί
1024 2255 1111 2323 κοινοί
1140 2281 1171 2323 ν.
1198 2246 1287 2323 4.·8.
1334 2256 1371 2323 τὰ
1400 2265 1527 2346 πατρῷα
1559 2255 1625 2347 ἰεροί
1655 2282 1685 2324 v.
1712 2261 1763 2342 25)
1795 2267 1827 2325 et

483 2379 670 2463 privatas
694 2379 862 2446 demusin
886 2380 1001 2463 quibus
1024 2379 1245 2446 curstodiuntur
1269 2383 1309 2461 (αἱ
1334 2378 1481 2445 ἰδιωτικοὶ
1504 2381 1597 2446 οἰκίαι
1619 2402 1650 2444 ν.
1670 2386 1700 2444 5.
1720 2384 1751 2445 8.
1773 2383 1822 2443 13.

428 2487 430 2492 ¹
481 2497 564 2587 ταρὰ
586 2503 647 2574 τοῖς
672 2497 800 2575 ἰδιώταις
824 2523 855 2565 ν.
884 2506 950 2583 183:
985 2500 1070 2568 unde
1092 2523 1131 2567 ea
1161 2502 1319 2566 communi
1349 2501 1421 2567 aedi
1445 2523 1507 2566 non
1531 2502 1601 2567 sine
1624 2502 1826 2567 contentione

483 2630 515 2687 et
544 2622 738 2706 privatorum
767 2623 935 2689 custodum
968 2624 1126 2708 scrupulis
1155 2623 1310 2687 vindicari
1340 2644 1379 2687 ex
1410 2623 1548 2688 oraculis
1576 2623 1617 2689 de
1647 2622 1759 2687 eadem
1791 2643 1826 2688 re

483 2742 658 2809 identidem
682 2743 792 2828 petitis
814 2744 950 2829 ipsaque
973 2745 1075 2808 forma
1096 2744 1148 2809 dei
1172 2743 1358 2809 consulendi
1375 2745 1455 2809 satis
1471 2743 1659 2828 perspicitur
1670 2748 1705 2828 ¹).
1735 2744 1825 2822 Quae

482 2884 532 2929 res
556 2871 590 2930 ut
610 2885 707 2949 aegre
729 2866 910 2950 explicatur
932 2866 964 2930 in
989 2865 1113 2929 familia
1134 2873 1190 2930 aut
1212 2872 1308 2948 gente
1331 2865 1371 2930 ab
1394 2865 1517 2948 origine
1540 2864 1676 2949 simplici
1700 2886 1824 2949 unoque

483 2992 612 3052 auctore
641 2987 770 3070 generis
800 2987 930 3080 deorum
955 2986 1136 3052 tutelarium
1163 2987 1281 3052 nultum
1306 2993 1469 3071 repetente
1493 2993 1525 3052 et
1547 2987 1580 3051 in
1603 2986 1673 3051 eius
1695 2985 1826 3069 religio-

481 3108 532 3172 nis
562 3114 683 3193 partem
714 3129 755 3174 eu
783 3109 974 3192 cognatione
1003 3108 1170 3191 sauguinis
1201 3129 1276 3173 suos
1306 3107 1427 3192 pariter
1454 3129 1564 3173 onmes
1593 3113 1748 3173 vocante:
1781 3107 1826 3172 ita

482 3229 667 3314 ampliorem
691 3230 874 3295 societatem
904 3237 935 3295 et
965 3228 1134 3295 artificioso
1163 3229 1269 3312 potius
1299 3249 1393 3311 quam
1425 3228 1562 3293 naturali
1593 3227 1719 3293 vinculo
1748 3249 1825 3293 oon·

481 3351 620 3417 iunctam
651 3349 793 3416 indicare
820 3350 956 3416 videtur.
1007 3351 1117 3432 Neque
1147 3349 1292 3415 dubitare
1322 3370 1380 3415 nos
1408 3349 1528 3435 patitur·
1556 3349 1682 3414 tertium
1713 3349 1825 3415 deere-

484 3479 560 3537 tum.
627 3471 784 3536 Nimirum
816 3492 846 3534 v.
881 3475 921 3535 ⁶28
945 3492 993 3555 sq.
1030 3471 1158 3557 φατρίαν
1192 3470 1225 3535 δὲ
1260 3471 1336 3556 μηδὲ
1369 3468 1489 3556 ἰδιώτην
1525 3471 1641 3556 μγὶἰένα
1674 3473 1716 3556 τῷ
1750 3467 1825 3556 οἴκῳ

481 3589 578 3680 τούτῳ
600 3596 736 3679 χρῆσθαι
759 3594 822 3656 κτλ.
850 3592 935 3676 quod
959 3591 1083 3676 privato
1106 3591 1225 3656 homini
1249 3613 1311 3657 non
1334 3594 1419 3677 γένος
1442 3591 1611 3676 opponitur
1632 3610 1734 3673 neque
1758 3590 1824 3654 col·
1855 3608 1863 3623 “

481 3715 598 3799 legium
622 3713 756 3797 quodvis
780 3712 837 3778 sed
860 3713 981 3799 φατρία,
1009 3713 1096 3797 ipsos
1112 3712 1259 3797 Clytidas
1283 3713 1510 3798 phratriam
1533 3732 1708 3796 agnoscere
1733 3711 1824 3777 iube-

482 3857 567 3915 mur,
601 3836 729 3918 qualem
758 3833 917 3899 notionem
949 3833 1043 3899 facile
1072 3833 1243 3899 admittunt
1265 3835 1436 3900 sollemnes
1458 3854 1553 3900 voces
1576 3830 1649 3906 Ζεὺς
1671 3838 1820 3919 πατρῷος,

479 3954 515 4022 τὰ
548 3961 673 4044 πατρῷα
708 3951 789 4042 ἱερά,
828 3954 923 4037 inque
957 3955 1094 4021 eandem
1128 3962 1251 4039 partem
1285 3944 1507 4041 accipiendum
1537 3954 1706 4019 discrimen
1739 3953 1822 4018 inter

482 4074 632 4150 ἰδιωτικὰς
655 4079 752 4150 οἰκίας
774 4085 807 4144 et
829 4072 926 4141 κοινὸν
949 4075 1041 4158 οἰκον,
1068 4097 1184 4161 nempe
1207 4072 1363 4163 φράτριον.

566 4198 641 4265 Fuit
669 4198 767 4282 igitur
796 4197 936 4264 civitatis
966 4198 1117 4263 Chiorum
1147 4198 1180 4262 in
1210 4197 1312 4263 tribus
1340 4205 1372 4263 ct
1402 4196 1562 4283 phratrias
1593 4195 1717 4261 divisae
1747 4215 1823 4280 pars

481 4320 680 4406 Clytidarum
704 4319 855 4404 phratria,
882 4318 1011 4384 nomine
1033 4319 1253 4403 patronymico
1276 4339 1316 4384 ex
1339 4339 1425 4383 more
1448 4320 1608 4401 frequenti
1630 4325 1752 4383 notata.
1786 4317 1821 4380 ln

480 4442 527 4508 eis
556 4448 664 4507 autern
695 4439 805 4526 populi
836 4439 1048 4506 divisionibus
1078 4460 1156 4505 sane
1183 4439 1250 4505 lieri
1273 4439 1375 4525 potuit
1396 4447 1431 4504 ut
1452 4439 1603 4522 antiquae
1626 4445 1739 4523 gentes
1762 4436 1824 4502 ali-

479 4627 686 4637 -...--

568 4736 583 4797 ¹)
606 4734 662 4789 vu
680 4742 724 4789 est
743 4734 816 4804 quod
835 4751 961 4790 moneam
980 4751 1094 4804 prorsus
1112 4735 1227 4790 divorso
1245 4734 1363 4788 consilio
1381 4734 1500 4803 privatis
1525 4734 1614 4788 sacris
1637 4734 1739 4803 opponi
1763 4748 1824 4802 pu-

481 4822 576 4876 blica
597 4821 741 4890 (δημόσιαι,
771 4823 857 4876 veluti
884 4823 912 4877 in
931 4822 1077 4876 Platonico
1096 4823 1145 4876 illo
1164 4827 1314 4892 praecepto
1334 4821 1408 4889 legg.
1429 4820 1455 4874 X
1474 4839 1500 4891 p.
1516 4822 1566 4871 910
1589 4818 1632 4880 tes.
1648 4822 1708 4882 909)
1728 4817 1823 4871 κείσθω

479 4908 526 4980 γὰρ
544 4908 622 4977 νόμος
640 4907 730 4968 οὗτος·
751 4909 788 4978 μὴ
806 4908 947 4980 κεκτῆσθαι
960 4908 1026 4962 θεῶν
1040 4907 1067 4960 ἐν
1081 4908 1154 4967 ἰδίαις
1167 4907 1257 4966 οἰκίαις
1271 4907 1333 4979 ἱερά.
1361 4908 1404 4960 τὸν
1417 4906 1445 4960 δὲ
1458 4909 1567 4979 φανέντα
1579 4907 1736 4978 κεκτημένον
1750 4904 1824 4975 έτερα

480 4995 523 5048 καί
541 4996 690 5065 ὀργιάζοντα
709 4995 776 5065 πλὴν
794 4996 827 5059 τὰ
845 4996 1007 5067 δημόσια-
1026 4995 1039 5047 ὁ
1059 4996 1105 5064 μὲν
1124 4994 1309 5064 αἰσθανόμενος
1327 4994 1511 5066 εἰσαγγελλέτω
1529 5000 1583 5053 τοῖς
1597 4991 1778 5065 νομοφύλαξιν,
1799 4991 1823 5043 οἰ

481 5082 508 5136 δὲ
527 5081 731 5155 προσταττόντων
749 5083 786 5142 εἰς
803 5083 836 5136 τὰ
853 5082 964 5152 δημόσια
982 5081 1119 5154 ἀποφέρειν
1140 5082 1194 5152 ἰεροί
1211 5081 1243 5134 τὰ
1261 5081 1313 5134 tarn
1330 5098 1355 5135 c.
1376 5098 1402 5151 q.
1424 5099 1446 5136 s.
