4206 6248
474 649 516 710 74
1048 646 1083 701 R.
1103 646 1243 702 111ssan

472 857 550 922 gere
580 841 707 923 posset,
740 836 841 902 maior
868 844 975 906 tamen
1001 837 1098 903 huius
1128 836 1320 922 disciplinae
1350 858 1425 923 pars
1452 838 1526 903 aliis
1548 838 1645 904 rebus
1668 845 1823 924 occupata

472 964 551 1023 erat.
607 957 691 1021 Nam
721 978 765 1023 ne
789 958 893 1024 dicam
926 956 967 1023 de
997 959 1045 1024 eis
1074 979 1158 1044 quae
1179 978 1242 1024 non
1265 958 1308 1023 ad
1332 958 1496 1043 cogitandi
1520 959 1676 1026 rationem
1700 960 1759 1025 sed
1781 959 1824 1025 ad

473 1078 629 1145 sermonis
650 1084 773 1144 tantum
797 1086 943 1144 naturam
966 1088 999 1146 et
1020 1080 1177 1163 originem
1199 1079 1376 1166 pertinent,
1402 1087 1438 1146 ιιι
1459 1080 1604 1146 omittam
1627 1081 1723 1146 etiam
1747 1081 1825 1147 sub-

471 1200 605 1266 tilitates
627 1206 660 1265 et
680 1199 832 1266 minutias
855 1200 971 1285 quibus
1001 1201 1152 1268 delectati
1175 1208 1251 1267 sunt
1272 1201 1371 1267 Stoici
1394 1221 1457 1266 non
1480 1203 1565 1285 quod
1591 1201 1736 1268 arbitrati
1760 1201 1824 1267 sint

473 1321 574 1386 ullam
595 1319 629 1385 in
652 1319 700 1386 eis
722 1320 765 1386 ad
786 1328 913 1388 ceteras
935 1322 1126 1408 disciplinas
1152 1323 1323 1389 utilitatem
1352 1322 1477 1405 inesse,
1511 1323 1569 1388 sed
1599 1329 1634 1388 ut
1662 1322 1824 1408 perfectae

473 1441 553 1507 artis
582 1461 621 1507 ao
650 1441 841 1527 disciplinae
872 1444 966 1527 quasi
994 1444 1102 1510 orbem
1134 1443 1293 1528 quendam
1324 1444 1503 1528 explerent,
1537 1443 1699 1509 obruimur
1720 1463 1824 1528 paene

474 1584 594 1647 magna
621 1583 729 1628 eorum
759 1564 853 1629 turba
875 1585 957 1648 qnae
980 1564 1186 1647 quantumvis
1209 1565 1340 1631 ualeant
1366 1585 1438 1630 cum
1461 1564 1504 1630 ad
1526 1562 1760 1630 examinandas
1783 1563 1824 1629 ab

474 1684 561 1750 omni
583 1691 674 1770 parte
697 1691 823 1751 nostras
845 1685 988 1771 ipsorum
1011 1686 1186 1752 sententias
1209 1693 1276 1752 tum
1299 1687 1343 1752 ad
1364 1685 1604 1771 impugnandas
1619 1692 1653 1752 et
1672 1685 1826 1751 refellen-

476 1806 537 1871 das
566 1806 719 1888 aliorum,
752 1812 860 1872 tamen
889 1806 1012 1872 nullius
1040 1806 1108 1872 fere
1131 1807 1225 1892 pretii
1249 1814 1324 1873 sunt
1345 1806 1400 1872 ubi
1422 1807 1465 1873 ad
1487 1807 1591 1892 ipsam
1614 1827 1720 1873 rerum
1742 1806 1827 1872 veri-

475 1933 573 1994 tatem
603 1933 734 1992 ventnm
762 1934 812 1993 est
839 1927 1036 1994 reconditam
1063 1927 1170 1993 adbuc
1199 1927 1336 2013 primum
1365 1927 1399 1992 in
1428 1928 1534 1994 lucem
1561 1926 1823 2012 protrahendam.

476 2048 581 2133 Atque
603 2046 690 2112 baud
719 2047 786 2113 scio
808 2070 850 2114 an
877 2048 961 2115 hune
984 2049 1192 2115 examinandi
1214 2055 1246 2115 et
1267 2048 1483 2132 redarguendi
1506 2050 1601 2115 finem
1623 2048 1718 2134 primi
1741 2047 1827 2114 Stoi-

477 2189 583 2235 corum
607 2187 765 2234 summum
789 2168 977 2237 dialecticae
993 2149 994 2153 ¹
1006 2170 1202 2256 propositum
1225 2170 1436 2253 crediderint,
1469 2189 1636 2236 comeam
1659 2169 1828 2237 definirent

482 2291 534 2373 (cf.
558 2290 653 2373 Diog.
674 2292 723 2372 42)
758 2297 860 2357 artem
886 2292 969 2357 bene
1000 2291 1187 2377 disputandi
1222 2291 1283 2375 (τοῦ
1305 2287 1405 2377 ὀρθῶς
1428 2291 1632 2377 διαλέγεσθαι)
1666 2291 1701 2356 in
1727 2291 1828 2358 inter-

476 2411 622 2494 rogando
645 2419 677 2479 et
705 2411 929 2498 respondendo
958 2413 1162 2498 conspicuam
1191 2413 1348 2499 (περὶτῶν
1372 2415 1403 2479 ἐν
1427 2407 1573 2499 ἐρωτήσει
1595 2412 1647 2478 καὶ
1671 2409 1827 2499 ἀποκρίσει

478 2527 604 2617 ιόγων);
638 2533 693 2617 qui
708 2533 793 2599 enim
809 2533 876 2599 ven'
892 2541 925 2600 et
939 2534 1016 2600 salsi
1031 2555 1103 2600 eam
1119 2534 1285 2601 scientiam
1307 2533 1357 2620 (cf.
1376 2533 1433 2618 ib.)
1453 2532 1607 2617 dicerent,
1632 2532 1827 2619 posteriores

477 2652 626 2719 videntur
647 2653 749 2720 fuisse
771 2654 871 2721 veluti
894 2655 1096 2737 Posidonius,
1123 2654 1163 2721 de
1186 2675 1249 2739 quo
1266 2656 1428 2738 Diogenes
1445 2657 1486 2719 62
1508 2653 1544 2719 id
1565 2660 1711 2720 testatur.
1759 2654 1828 2719 lam

477 2794 550 2839 cum
573 2775 661 2840 Zeno
682 2795 746 2841 non
768 2774 803 2841 id
830 2775 1039 2863 praecipuum
1069 2783 1196 2860 ageret,
1231 2784 1266 2842 nt
1295 2775 1431 2841 aliorum
1461 2775 1627 2860 opiniones
1656 2781 1824 2858 everteret,

478 2894 537 2961 sed
567 2895 646 2962 satis
676 2896 829 2963 habuisse
857 2897 1005 2963 videatur
1035 2917 1126 2962 suam
1154 2898 1257 2983 ipsius
1287 2896 1464 2963 doctrinam
1497 2916 1538 2962 ex
1570 2895 1736 2981 principiis
1770 2916 1829 2962 ex-

478 3015 630 3102 plicatam
653 3017 755 3083 solido
778 3017 987 3084 fundamento
1009 3019 1092 3084 iacto
1115 3017 1345 3097 exaedificare,
1379 3037 1443 3082 non
1473 3023 1540 3083 tam
1560 3016 1693 3082 difficile
1716 3014 1831 3082 estad

480 3138 692 3231 amandum,
714 3139 904 3205 dialecticae
931 3138 996 3204 ista
1025 3139 1226 3224 supellectile
1259 3145 1291 3204 et
1324 3138 1431 3203 nimiis
1463 3137 1607 3203 artificiis
1640 3137 1831 3222 contemptis

479 3279 553 3326 eum
575 3259 609 3325 in
632 3260 710 3326 solis
729 3259 1052 3327 demonstrationibus
1074 3259 1277 3344 acquievisse
1300 3259 1359 3342 eis,
1384 3278 1465 3343 quas
1484 3258 1528 3324 ad
1542 3257 1647 3343 ipsam
1661 3257 1830 3324 veritatem

479 3381 653 3447 involucris
683 3380 896 3465 detegendam
931 3375 1158 3464 (ἐκκαιυπιικάς
1188 3379 1230 3445 ci.
1256 3381 1366 3446 Prantl
1390 3379 1465 3445 hist.
1490 3385 1550 3444 art.
1576 3379 1642 3463 log.
1661 3379 1678 3442 I
1699 3399 1733 3464 p.
1753 3377 1825 3463 484)

480 3502 640 3587 pertinere
670 3501 835 3582 dicebant,
876 3521 956 3586 quas
995 3497 1160 3575 ἀποδείξεις
1196 3501 1364 3567 vocabant.
1417 3501 1560 3579 Quarum
1592 3499 1776 3585 exemplum
1809 3520 1831 3566 a

482 3623 636 3689 Cicerone
658 3623 723 3689 1.1.
749 3623 809 3688 hoc
831 3624 979 3688 affertur:
1006 3622 1093 3705 quod
1115 3621 1237 3688 ratione
1261 3621 1373 3703 utitur,
1399 3620 1433 3686 id
1455 3621 1571 3686 melius
1593 3627 1644 3687 est
1664 3641 1761 3705 quarn
1783 3619 1828 3704 id,

481 3744 567 3828 qnod
595 3743 718 3810 ratione
747 3764 811 3810 non
841 3743 954 3823 utitu1·;
992 3743 1075 3809 nihil
1103 3749 1209 3809 autem
1243 3741 1362 3808 mundo
1395 3741 1528 3808 melius:
1577 3741 1699 3808 ratione
1732 3741 1832 3826 igitur

481 3863 621 3931 mundus
642 3864 740 3930 utitur
749 3865 784 3950 ¹).

569 3985 673 4052 Aliter
694 3984 735 4052 de
758 3985 819 4052 lrao
841 4006 876 4052 re
891 3985 1091 4072 Chrysippus
1113 3984 1279 4052 iudicavit.
1329 3982 1368 4049 id
1390 3983 1476 4068 quod
1497 4003 1561 4049 non
1584 4003 1624 4049 ex
1646 3981 1738 4049 libris
1759 3989 1833 4049 tan-

482 4115 550 4175 tum
579 4127 659 4192 quos
690 4107 847 4173 adversus
870 4109 1033 4185 Zenonem
1063 4106 1192 4192 scripsit
1220 4104 1431 4189 intellegitur.
1476 4103 1578 4170 Nulla
1607 4103 1692 4170 enim
1718 4124 1753 4170 re
1775 4103 1832 4170 ille

484 4229 533 4294 vir
553 4227 659 4312 magis
687 4228 839 4295 inclaruit
866 4249 924 4314 per
946 4226 1170 4311 antiquitatem
1193 4246 1288 4311 quam
1319 4224 1490 4291 dialectica
1512 4224 1604 4290 euius
1627 4230 1717 4290 tanta
1738 4224 1772 4290 in
1794 4244 1833 4290 eo

483 4349 585 4416 fuisse
606 4348 794 4435 perhibetur
815 4349 866 4415 vis
889 4356 921 4416 et
943 4348 1124 4431 subtilitas,
1157 4353 1192 4413 ut
1220 4347 1298 4413 deos
1328 4345 1356 4411 si
1387 4345 1467 4411 forte
1491 4343 1661 4411 dialectica
1683 4344 1731 4412 eis
1753 4365 1834 4431 opus

484 4470 600 4537 fuisset
627 4491 691 4536 non
720 4470 787 4536 alia
815 4491 911 4555 quam
941 4468 1115 4554 Chrysippi
1138 4486 1251 4534 usuros
1281 4486 1360 4534 esse
1384 4472 1599 4532 autumarent.
1645 4466 1836 4533 Habuerunt

573 4663 590 4727 ¹)
613 4659 694 4716 Unde
718 4662 862 4732 insperata
885 4661 933 4715 lux
957 4661 999 4716 cis
1024 4657 1179 4714 affunditur
1203 4673 1276 4728 quae
1301 4658 1338 4713 da
1353 4656 1468 4719 Zenone
1487 4656 1524 4711 ll.
1545 4657 1650 4712 Fronto
1675 4658 1712 4713 ad
1730 4657 1836 4713 Verum

485 4751 682 4819 imperatorem
701 4747 713 4801 l
734 4751 744 4800 1
769 4753 805 4818 (ρ.
824 4749 870 4800 114
889 4748 935 4802 ed.
950 4746 1063 4809 Nabar.)
1087 4744 1195 4800 scribit.
1231 4745 1331 4807 ‘Zeno,
1352 4743 1453 4813 inquit,
1474 4743 1511 4798 ad
1530 4744 1688 4799 docendum
1706 4745 1837 4815 planissi-

486 4853 562 4898 mus.
588 4834 721 4891 Socrates
739 4835 776 4890 ad
795 4833 1002 4901 coarguendum
1021 4829 1268 4899 captiosissimus‘.
1305 4828 1394 4884 Aliud
1413 4829 1540 4884 ciusdem
1559 4835 1604 4885 est
1622 4831 1658 4885 de
1677 4829 1836 4902 Chrysippo

485 4923 622 4978 iudicium
641 4924 669 4978 in
687 4922 810 4992 epistula
827 4920 864 4974 ad
883 4919 919 4973 ll.
934 4917 1109 4973 Antoninum
1128 4918 1163 4973 de
1182 4917 1346 4987 eloquentia
1364 4916 1471 4986 scripta
1489 4933 1516 4984 p.
1534 4917 1582 4967 116
1601 4917 1643 4971 sic
1661 4918 1837 4986 interrogan-

485 5011 536 5066 tis:
567 5010 653 5065 ‘Num
671 5013 822 5063 contentus
840 5011 885 5062 est
906 5011 952 5072 (sc.
973 5005 1157 5076 Chrysippus)
1179 5005 1297 5070 docere,
1323 5019 1381 5058 rem
1400 5002 1565 5069 ostendere,
1586 5003 1719 5067 definire,
1740 5003 1837 5074 expla-

487 5097 587 5154 naret*
622 5097 721 5167 Neque
739 5111 812 5168 quae
831 5099 986 5166 sequuntur
1004 5093 1120 5162 indigna
1139 5098 1205 5147 sunt
1223 5107 1295 5164 quae
1314 5092 1453 5160 legantur.
