4206 6248
716 671 768 728 DE
786 669 929 729 LOGIOA
948 670 1161 730 scolecium
1571 677 1613 740 69

265 863 431 936 minimum
453 864 641 946 tribuerunt,
667 864 829 948 multoque
851 864 899 930 eis
920 864 1049 948 gravior
1071 864 1243 931 dialectica
1264 864 1336 930 visa
1357 870 1418 946 est,
1443 885 1539 948 quarn
1563 883 1616 931 so-

266 986 330 1051 lam
353 985 421 1052 fere
443 985 643 1053 excolebant.

294 1160 296 1166 .
350 1107 500 1173 Nondum
522 1112 630 1173 tamen
652 1106 754 1172 omnis
777 1127 817 1173 ex
832 1106 940 1173 animo
956 1107 1125 1191 scrupulus
1141 1106 1273 1173 evulsus
1289 1113 1347 1172 est.
1389 1107 1514 1173 Seneca
1529 1107 1613 1173 enim

265 1248 337 1295 cum
359 1226 568 1314 posteriorum
584 1227 762 1294 Stoicorum
785 1227 827 1294 sit
840 1228 882 1293 ah
898 1228 1113 1313 antiquiorum
1130 1227 1303 1295 severitate
1326 1227 1609 1311 disiunctissime,

265 1349 308 1416 ad
330 1349 414 1416 hanc
433 1370 529 1432 quam
544 1348 706 1433 agitamus
721 1348 942 1433 quaestionem
958 1349 1193 1416 decernendam
1210 1349 1237 1415 si
1253 1349 1323 1414 eius
1345 1349 1444 1415 libros
1459 1348 1613 1415 adhibere

264 1470 429 1552 volumus,
463 1475 556 1536 caute
585 1467 759 1536 admodum
788 1470 823 1535 id
851 1469 1008 1536 faciamus
1037 1477 1177 1556 oportet,
1209 1489 1250 1535 ne
1273 1469 1390 1536 Stoicis
1419 1470 1613 1556 imputemus

265 1612 348 1675 quae
370 1591 563 1677 posteriores
584 1591 633 1657 illi
655 1591 701 1656 ab·
720 1590 794 1656 aliis
815 1589 1014 1677 philosophis
1036 1591 1171 1658 mutuati
1191 1598 1276 1657 sunt.
1323 1591 1494 1670 Quaeritur
1514 1591 1614 1675 igitur

264 1733 340 1778 num
369 1711 482 1778 eodem
511 1711 605 1777 modo
628 1717 663 1778 ut
684 1712 808 1778 Seneca
835 1711 901 1777 iam
923 1711 1119 1796 antiquiores
1141 1710 1330 1777 rhetoricam
1354 1719 1386 1778 et
1408 1711 1611 1777 dialecticam

264 1853 327 1898 uno
356 1832 481 1917 logicae
511 1832 638 1899 nomine
666 1832 975 1918 comprehenderint.
1022 1833 1186 1916 Diogenes
1208 1833 1356 1899 Laertius
1385 1836 1555 1919 postquam
1577 1827 1628 1899 iu'

263 1953 419 2040 principio
448 1974 572 2036 eorum,
606 1973 690 2036 quae
719 1953 762 2019 ad
789 1955 967 2021 doctrinam
997 1961 1029 2021 et
1055 1954 1185 2021 decreta
1206 1954 1346 2020 Zenonis
1375 1960 1535 2039 spectant,
1569 1955 1610 2021 de

263 2075 415 2141 universa
443 2073 647 2160 philosophia
675 2074 709 2140 in
731 2083 839 2160 partes
869 2074 1092 2142 distribuenda
1120 2075 1268 2160 exposuit
1289 2076 1459 2159 variasque
1483 2074 1523 2141 de
1549 2075 1611 2142 hac

263 2217 298 2262 rc
315 2195 494 2262 Stoicorum
517 2196 694 2262 sententias
717 2197 988 2280 commemoravit,
1014 2196 1057 2262 ad
1080 2195 1226 2280 singulas
1248 2203 1356 2282 partes
1379 2216 1504 2263 rursum
1527 2196 1611 2263 divi-

263 2317 387 2383 dendas
409 2315 613 2403 progreditur
634 2316 824 2401 initiumque
846 2316 924 2384 facit
941 2318 959 2403 ξ
974 2321 1011 2381 41
1038 2338 1059 2384 a
1080 2317 1196 2401 logica.
1244 2313 1285 2382 Τὸ
1309 2316 1342 2382 δὲ
1365 2314 1483 2403 λογικὸν
1507 2319 1605 2405 μέρος,

261 2438 380 2522 iuquit,
413 2434 503 2526 φασὶν
531 2437 606 2504 ἔνιοι
628 2439 670 2513 εἰς
694 2433 747 2504 tto
770 2439 954 2527 διαιρεῖσθαι
983 2437 1166 2525 ἐπιστήμας,
1200 2439 1242 2512 εἰς
1272 2437 1431 2526 ῥητορικὴν
1454 2438 1505 2505 καὶ
1536 2442 1609 2505 δια-

261 2554 411 2645 λεκτικήν.
458 2559 549 2638 Quae
571 2567 748 2644 sequuntur
769 2580 807 2626 eo
830 2560 984 2626 libentius
1006 2561 1116 2626 omitto
1138 2580 1200 2644 quo
1223 2560 1369 2645 pluribus
1391 2561 1611 2646 impediuntur

262 2679 523 2764 difficultatibus,
553 2680 586 2745 in
609 2681 724 2765 quibus
746 2681 898 2749 tollendis
920 2701 1040 2767 paucos
1062 2680 1181 2747 abhinc
1203 2700 1306 2747 annos
1328 2681 1376 2747 vir
1397 2681 1529 2748 infausti
1552 2704 1610 2749 no-

261 2801 356 2867 minis
378 2800 506 2867 Nieolai
536 2801 646 2867 libello
676 2801 716 2868 de
739 2803 853 2886 logicis
876 2802 1051 2888 Chrysippi
1074 2802 1163 2868 lihrIs
1186 2801 1273 2868 edito
1296 2802 1416 2869 frustra
1437 2804 1606 2870 laboravit.

262 2922 377 2990 Omnia
406 2922 460 2988 hio
488 2922 674 3008 perturbata
703 2929 777 2988 suut
806 2943 911 3006 neque
934 2943 974 2988 ea
1004 2923 1069 2988 levi
1090 2923 1239 2988 bracchio
1260 2923 1399 3008 agenda.
1447 2924 1610 2991 Discinrus

260 3051 368 3111 autem
390 3042 455 3109 iarn
478 3064 519 3109 ex
541 3043 590 3109 eis
611 3063 694 3128 qnae
716 3043 809 3129 posui
831 3043 938 3110 verbis
960 3064 1023 3109 non
1046 3063 1156 3110 omnes
1178 3043 1306 3120 omniuo
1322 3044 1446 3111 Stoicos
1468 3045 1502 3110 iu
1525 3045 1609 3111 divi-

262 3163 370 3231 denda
392 3165 498 3249 logica
521 3163 657 3232 eandem
685 3184 780 3248 quarn
797 3163 954 3231 Senecam
977 3164 1061 3231 viam
1085 3165 1240 3231 tenuisse.
1275 3164 1381 3244 Quare
1397 3173 1493 3252 caput
1507 3187 1608 3250 quae-

260 3285 373 3352 stionis
395 3286 533 3352 nuncin
556 3306 594 3352 eo
617 3285 772 3369 cernitur,
804 3292 840 3352 ut
866 3286 1012 3352 nonnulli
1040 3285 1133 3371 (ἔνιοι)
1159 3286 1214 3352 isti
1243 3286 1298 3370 qui
1327 3286 1392 3353 sint
1420 3287 1608 3372 diligentius

260 3413 504 3492 perscrutemur.
553 3408 674 3473 Facere
696 3406 820 3491 aliquid
842 3407 969 3474 videtur
990 3406 1034 3473 ad
1055 3428 1122 3473 reru
1145 3408 1230 3492 quod
1252 3407 1323 3493 ipse
1338 3407 1502 3492 Diogenes
1524 3409 1608 3492 logi-

260 3548 330 3595 cam
353 3527 530 3595 Stcicorum
557 3527 733 3595 doctrinam
756 3528 833 3613 §42
856 3547 925 3613 sqq.
959 3529 1207 3595 adumbratums
1235 3528 1277 3594 ab
1304 3528 1417 3595 eadem
1448 3529 1607 3597 divisione

260 3669 393 3716 exorsus
415 3656 475 3716 est.
516 3649 716 3733 Quamquam
740 3649 824 3714 enirn
847 3650 904 3715 ille
927 3650 1000 3734 §38
1024 3649 1185 3735 pollicitus
1201 3657 1251 3717 est
1266 3651 1442 3717 Stoicorum
1464 3651 1606 3716 omnium

260 3771 436 3837 doctrinam
458 3790 495 3837 so
517 3770 736 3856 expositurum
758 3769 847 3856 essej,
880 3777 988 3838 tamen
1016 3792 1088 3839 curu
1110 3773 1144 3838 id
1173 3772 1273 3839 faciat
1295 3772 1434 3838 Zenonis
1457 3773 1526 3838 vita
1548 3773 1607 3838 de·

260 3892 379 3977 scripta
404 3898 643 3976 ceterarumque
673 3899 706 3959 et
726 3892 810 3959 vitas
838 3899 870 3958 et
892 3891 1021 3959 decreta
1050 3893 1228 3978 singularia
1255 3901 1368 3980 postea
1396 3893 1524 3959 demum
1547 3893 1607 3960 ad-

259 4013 381 4097 iungat,
406 4012 543 4079 fortasse
565 4012 640 4080 inde
663 4013 780 4098 aliquis
803 4014 984 4099 suspicetur
1005 4014 1088 4081 hanc
1110 4015 1234 4100 logicae
1250 4015 1505 4081 distributionem
1521 4022 1606 4081 certo

258 4134 378 4200 auctori
406 4133 488 4199 nulli
515 4134 714 4218 assignatam
738 4156 759 4201 a
781 4135 910 4201 Zenone
938 4135 1148 4202 derivandam
1171 4155 1253 4203 esse.
1302 4137 1420 4220 Magno
1441 4143 1549 4203 tamen
1572 4136 1606 4202 in

258 4275 363 4322 errore
385 4259 531 4321 versetur
552 4254 607 4337 qui
630 4254 671 4322 de
699 4256 794 4322 huius
816 4256 1017 4323 coniecturae
1038 4256 1175 4324 veritate
1197 4257 1293 4324 nimis
1316 4256 1470 4324 confidat:
1510 4258 1607 4325 facile

258 4376 344 4442 enim
379 4375 449 4442 fieri
483 4375 586 4461 potuit
613 4382 665 4460 ut,
704 4377 974 4461 quemadmodum
1003 4384 1145 4445 oratores
1176 4379 1274 4446 Attici
1302 4378 1444 4446 incertae
1473 4379 1606 4463 originis

257 4498 349 4581 leges
364 4495 406 4563 ad
421 4497 571 4563 Solonem
586 4497 828 4564 celeberrimum
844 4499 953 4584 legum
971 4500 1104 4566 latorem
1120 4501 1321 4585 rettulemut,
1347 4500 1393 4567 ita
1414 4500 1606 4587 posteriores

258 4618 424 4684 historiam
446 4617 670 4704 philosophiae
692 4625 865 4686 necantes
888 4621 1018 4687 decreta
1040 4621 1217 4688 Stoicorum
1239 4621 1502 4706 qualiacumque,
1526 4645 1606 4707 quc

257 4761 328 4805 rum
349 4746 457 4806 tamen
480 4745 602 4804 certum
624 4746 785 4807 auctorem
808 4741 1001 4826 ignorarent,
1027 4741 1071 4808 ad
1091 4741 1268 4829 principem
1291 4751 1323 4810 et
1344 4743 1441 4808 huius
1462 4744 1605 4829 philcso

256 4861 391 4947 phorum
421 4859 566 4926 familiae
588 4866 752 4944 tamquam
775 4868 940 4947 parentem
961 4863 1183 4930 transferrent.
1230 4864 1343 4931 Fidem
1366 4864 1441 4931 huic
1463 4864 1605 4950 opinioni

256 4981 378 5048 faciunt
400 5001 483 5066 quae
506 4981 547 5048 de
563 4981 719 5048 Cleanthe
742 4982 937 5069 accepimus,
962 5004 1057 5068 quem
1080 4984 1166 5051 idem
1189 4985 1352 5071 Diogenes
1374 4987 1443 5072 §41
1472 4986 1606 5053 tradidit

256 5124 315 5170 sex
343 5102 567 5190 philosophiae
594 5110 703 5189 partes
726 5103 912 5172 distinxisse
935 5105 1139 5172 dialecticam
1168 5108 1359 5175 rhetoricam
1385 5108 1523 5175 ethicam
1546 5129 1605 5195 po-
