4118 6240
736 606 787 661 DE
806 604 989 662 PANDORA
1009 605 1162 662 HESIODI
1566 611 1624 674 135

277 797 329 858 81.
356 794 407 859 82.
464 794 517 861 Sic
545 794 629 861 enim
653 801 688 862 ut
709 795 935 881 intellegamus
952 799 970 882 ¹)
1004 818 1177 881 versusque
1208 798 1416 881 divellamns,
1449 799 1539 864 nulla
1566 819 1625 866 nec

277 916 364 1000 cogit
390 937 449 982 nec
479 917 594 983 suadet
622 916 718 1001 ratio,
755 938 826 982 cum
861 917 925 982 iam
959 939 1042 1001 quae
1077 919 1322 1004 praemittuntur
1351 919 1449 985 verba
1481 922 1625 1007 παρθένῳ

278 1038 380 1124 αἰδοίγγ
404 1034 502 1103 ἴκελον
530 1040 569 1122 (v.
598 1042 649 1118 71,
675 1037 715 1104 cf.
742 1059 772 1103 v.
792 1041 843 1122 63)
871 1058 973 1122 genus
996 1039 1151 1107 muliebre
1174 1040 1326 1107 indicent.
1375 1040 1441 1105 Sed
1463 1041 1553 1106 utin
1575 1041 1626 1107 bis

278 1158 358 1243 ipsis
381 1158 529 1225 versibus
552 1179 615 1223 uon
638 1158 794 1242 estquod
817 1159 1036 1241 offendamus,
1063 1160 1109 1226 ita
1131 1166 1216 1227 totus
1239 1161 1329 1226 locus
1352 1161 1479 1244 quantis
1503 1163 1627 1229 laboret

277 1279 521 1346 difficultatibus
543 1279 703 1345 neminem
725 1278 820 1345 latuit
850 1276 1026 1364 latetque?
1051 1302 1155 1365 neque
1184 1288 1291 1348 tamen
1320 1282 1417 1348 variis
1446 1283 1625 1349 criticorum

276 1401 362 1467 curis
385 1401 465 1466 satis
487 1400 613 1466 ridetur
635 1400 803 1485 expeditus
827 1420 909 1467 esse.
958 1402 1098 1468 Maxime
1121 1403 1262 1468 omnium
1284 1403 1418 1469 offendit
1432 1404 1516 1487 quod
1532 1427 1563 1471 v.
1584 1411 1621 1470 61

276 1522 438 1589 Volcanus
462 1521 587 1587 mulieri
612 1517 775 1608 ἀνδρώπου
798 1519 893 1608 αὐδήν
916 1523 1055 1589 tribuere
1078 1523 1216 1607 iubetur,
1245 1545 1277 1590 v.
1304 1527 1344 1588 79
1368 1532 1477 1590 contra
1499 1525 1625 1591 Mercu-

277 1642 344 1708 rius
374 1641 478 1730 φωνήν
509 1642 538 1709 ei
565 1642 691 1709 indidit.
746 1642 849 1720 Quam
880 1643 1130 1730 discrepantiam
1160 1644 1216 1726 qui
1244 1644 1484 1730 interpretando
1512 1647 1625 1712 tollere

277 1762 467 1829 studuerunt
489 1763 705 1848 Goettlingius
728 1764 913 1849 Lennepius
936 1765 993 1830 alii
1016 1765 1146 1848 liuguae
1169 1765 1240 1830 usui
1263 1765 1327 1831 vim
1350 1766 1539 1848 intulerunt,
1569 1767 1624 1850 qui

276 1884 413 1951 delendo
437 1905 530 1951 versu
554 1888 595 1948 79
617 1891 690 1970 post
712 1885 877 1950 Proculum
903 1885 1048 1970 Heynius
1070 1883 1273 1952 Vollbehrius
1301 1886 1442 1970 Paleyus
1472 1887 1625 1954 Steitzius

277 2004 464 2091 Koechlyus
485 2004 638 2071 Flacbius
661 2006 825 2090 explicare
846 2005 1100 2091 interpolationis
1128 2006 1284 2089 originem
1307 2028 1370 2072 non
1392 2014 1564 2092 potuerunt
1586 2030 1626 2076 ac

277 2146 318 2193 ne
347 2126 453 2193 conati
482 2126 611 2210 quidem
640 2134 778 2193 sunt-
808 2127 861 2210 qui
891 2147 960 2192 mos
990 2134 1039 2193 est
1068 2128 1135 2194 fere
1164 2127 1341 2194 criticorum
1371 2128 1620 2194 Hcsiodeorum:

277 2247 370 2331 quasi
400 2267 458 2332 per
488 2267 524 2314 sc
554 2255 610 2313 aut
638 2247 800 2332 explicare
828 2247 949 2331 aliquid
978 2256 1035 2314 aut
1064 2248 1287 2315 difficultatem
1317 2249 1479 2332 quandam
1512 2250 1625 2317 tollere

276 2375 400 2454 posset,
435 2368 464 2433 si
492 2368 735 2453 interpolatione
764 2368 872 2435 nescio
901 2390 965 2452 qua
993 2370 1097 2436 locum
1127 2369 1277 2436 affectum
1309 2389 1381 2437 esse
1411 2390 1621 2438 sumeremus.

276 2489 368 2570 Quod
392 2510 467 2555 vero
489 2510 559 2555 eum
583 2490 639 2556 alii
663 2496 728 2555 tum
752 2490 938 2574 Steitzius‘2)
966 2489 1127 2556 contendit
1150 2489 1252 2577 φωνήν
1275 2513 1307 2556 v.
1327 2495 1366 2556 79
1383 2494 1624 2559 commemorari

277 2617 360 2677 recte
383 2619 457 2696 post
479 2612 635 2696 αἱμυλίους
658 2607 762 2697 λόγους
785 2611 927 2694 nequire,
958 2611 1037 2677 mire
1059 2612 1270 2695 neglexerunt
1291 2608 1398 2699 λόγους
1421 2635 1484 2683 non
1507 2615 1625 2680 oratio-

276 2753 334 2798 nes
357 2731 556 2816 significare,
589 2731 648 2797 sed
676 2731 830 2798 rationes:
874 2732 930 2797 illa
952 2732 1037 2798 enim
1059 2731 1250 2815 significatio
1280 2753 1321 2799 ne
1347 2733 1473 2804 admitti
1495 2734 1623 2819 quidem

277 2860 383 2939 potest
405 2872 510 2936 neque
532 2854 592 2919 boc
619 2853 689 2918 loco
725 2852 787 2937 (ubi
818 2852 988 2919 coniuncta
1017 2859 1147 2919 exstant
1174 2853 1205 2919 ἕν
1228 2851 1258 2919 δ’
1287 2847 1348 2941 ἄρα
1374 2857 1403 2920 ol
1433 2852 1625 2942 οτήδεααι

279 2952 435 3062 διάατορος
462 2968 670 3061 Ἀργειφόντης
700 2970 849 3060 ψεύδεά
874 2970 907 3039 o'
935 2975 1093 3059 αἱμυλίους
1121 2999 1153 3039 τε
1179 2969 1286 3061 λόγους
1315 2973 1380 3041 καὶ
1409 2976 1624 3042 ἐπίκλοπον

276 3086 370 3182 ἦδος
392 3097 483 3177 τεῦξε)
510 3067 616 3178 neque
638 3095 671 3160 in
694 3093 880 3178 Theogonia
903 3117 931 3160 v.
960 3098 1021 3160 889
1042 3115 1104 3180 sq„
1132 3095 1184 3162 ubi
1208 3095 1364 3162 babemus
1388 3093 1488 3185 δόλῳ
1512 3099 1624 3185 φρένας

277 3213 466 3303 ἐξαπατήσας
496 3216 723 3303 αἱμυλίοισι
753 3211 918 3302 λόγοισι.
972 3215 1080 3293 Quare
1112 3237 1171 3302 per
1192 3237 1229 3283 sc
1251 3216 1303 3284 hic
1328 3219 1418 3285 locus
1441 3239 1503 3285 non
1528 3217 1625 3285 babet

276 3360 333 3406 cur
355 3339 506 3406 reiciatur
519 3378 563 3387 —
578 3359 653 3405 nam
675 3337 813 3405 leviores
835 3336 916 3404 adeo
940 3344 1014 3404 sunt
1035 3358 1116 3422 quas
1138 3337 1332 3405 addiderunt
1354 3339 1546 3405 offensiones
1560 3366 1619 3404 -:

276 3482 380 3547 neque
410 3468 516 3527 tamen
547 3480 617 3526 cum
648 3458 806 3545 prioribus
835 3458 1001 3525 conciliari
1028 3464 1145 3544 potest.
1200 3457 1245 3524 ld
1268 3480 1343 3526 vero
1370 3460 1425 3526 rix
1454 3460 1561 3526 minus
1590 3461 1624 3526 in

276 3584 418 3667 reliquos
440 3601 552 3648 versus
574 3581 671 3648 cadit.
719 3580 801 3645 Nam
824 3601 856 3645 v.
877 3582 916 3642 72
931 3617 973 3627 —
996 3579 1038 3644 ad
1060 3600 1154 3663 quem
1178 3601 1209 3645 v.
1228 3584 1270 3645 76
1292 3601 1350 3666 pro
1373 3581 1442 3648 loco
1465 3581 1624 3668 parallelo

277 3704 473 3790 adscriptum
502 3723 574 3771 esse
603 3703 669 3768 iam
699 3701 782 3768 inter
810 3721 920 3767 omnes
948 3707 1073 3767 constat
1094 3739 1137 3749 —
1159 3700 1305 3768 Minerva
1334 3703 1520 3786 exsequitur
1541 3724 1623 3787 quae

366 3949 384 4010 ¹l
405 3946 614 4002 Schocmannus
632 3961 751 4016 quoquc,
772 3945 821 4014 qui
833 3944 917 3998 aliam
931 3943 968 3998 ob
982 3959 1094 3998 causam
1107 3942 1270 3998 coniectura
1281 3943 1351 3999 baec
1363 3946 1451 4022 verba
1463 3948 1623 4016 temptavit,

278 4033 408 4089 similiter
431 4033 534 4087 statuit
558 4031 656 4086 dicans
677 4033 834 4095 (comment.
854 4031 917 4085 crit.
938 4030 1008 4084 edit.
1029 4047 1054 4084 a.
1077 4031 1143 4082 1869
1162 4047 1188 4099 p.
1204 4031 1263 4093 11);
1293 4030 1417 4102 ιὀνόμηνε
1437 4031 1465 4085 δὲ
1482 4032 1558 4102 τίγνδε
1577 4053 1623 4104 γυ-

276 4125 354 4173 ναῖκα
372 4136 456 4189 quum
475 4119 603 4187 legimus,
622 4132 679 4170 non
696 4132 845 4186 possumus
863 4117 931 4187 quin
950 4115 1003 4170 boc
1021 4116 1112 4184 ipsum
1130 4121 1239 4186 γυναῖκα
1257 4131 1357 4170 nornen
1373 4132 1436 4172 esse
1449 4119 1624 4187 suspicemur

277 4226 295 4262 a
312 4206 451 4262 Mercurio
473 4202 657 4274 impositum’.
695 4204 752 4259 Sed
771 4203 855 4257 modo
872 4209 950 4257 recte
968 4202 1118 4271 sensuique
1137 4203 1336 4257 convenienter
1353 4204 1507 4260 recitantes
1525 4221 1624 4260 vocem

276 4300 342 4364 post
359 4297 468 4365 γυναῖκα
486 4292 703 4361 suspendamus,
724 4290 796 4344 banc
814 4296 844 4344 ct
861 4305 1010 4360 possumus
1027 4294 1057 4343 61
1075 4288 1212 4344 debemus
1230 4305 1373 4346 removere
1393 4292 1586 4361 suspitionem.

362 4380 381 4445 ²)
405 4379 469 4434 ‘Die
486 4379 582 4432 Werke
594 4379 652 4431 aad
665 4377 737 4447 Τυμυ
749 4377 793 4431 dec
802 4376 944 4430 Hesiodea*
958 4375 1002 4430 cd.
1014 4376 1092 4446 Lips.
1107 4377 1172 4427 1869
1182 4394 1210 4446 p.
1222 4379 1303 4447 ldsq.
1324 4376 1477 4432 Praeterea
1488 4379 1623 4434 Steitzius

277 4466 444 4521 Mercurium
461 4463 559 4519 nolens
577 4480 677 4518 nomen
695 4464 806 4518 mulieri
824 4463 958 4525 tribuere,
980 4463 1032 4518 sed
1045 4463 1141 4517 Ioveur
1160 4478 1209 4532 pro
1228 4461 1294 4532 θῆαι
1312 4461 1396 4516 θεῶν
1414 4465 1534 4535 κῆρυξ·
1555 4465 1622 4518 ὀνό-

278 4571 360 4624 μηνε
378 4553 413 4605 δὲ
430 4552 505 4622 τίγνδε
523 4556 632 4622 γυναῖκα
650 4551 776 4605 insanam
794 4551 1027 4620 invenustamquc
1046 4549 1236 4604 coniecturam
1255 4550 1402 4619 proposuit
1419 4548 1515 4619 θῆκεν·
1542 4549 1622 4621 ἀτὰρ

279 4637 445 4710 Κρονίδης
464 4637 662 4709 triparcos)
684 4636 760 4706 τήνδε
778 4641 900 4708 γυναῖκαι
927 4651 1011 4705 quam
1029 4635 1083 4689 etsi
1102 4636 1157 4689 iam
1177 4635 1301 4689 Hillcrus
1319 4636 1348 4690 in
1366 4636 1508 4691 Fleckeis.
1528 4638 1620 4692 annal.

278 4728 334 4783 vol.
354 4725 392 4782 cl
409 4743 434 4780 a.
458 4726 522 4777 1876
541 4742 569 4795 p.
584 4726 633 4776 313
657 4729 722 4793 apte
746 4723 878 4793 exposuit
900 4740 918 4777 a
942 4723 1018 4778 iusta
1039 4723 1195 4778 offensione
1214 4721 1371 4792 proiectam
1389 4739 1444 4776 non
1462 4738 1535 4785 esse,
1555 4724 1622 4778 Fla·
1650 4722 1652 4727 ’

278 4815 358 4869 chius
375 4813 405 4868 in
422 4812 548 4867 editione
565 4827 617 4866 sua
634 4812 750 4880 recepit,
770 4811 799 4864 in
812 4797 1024 4877 Gocttlingiaua
1036 4825 1118 4878 quam
1138 4809 1340 4864 contaminavit
1359 4807 1490 4863 laudibus
1508 4810 1619 4864 extulit.

278 4902 334 4958 Sed
353 4916 408 4954 non
426 4899 509 4952 modo
527 4898 565 4953 ob
584 4913 641 4951 rem
659 4897 696 4951 ab
709 4896 817 4951 Hillero
836 4896 993 4965 expositam
1010 4895 1122 4950 Stcitzii
1141 4895 1304 4950 coniectura
1322 4895 1483 4950 reiectanea
1501 4901 1554 4959 cat,
1575 4913 1623 4952 vc-

278 5004 338 5042 rum
360 4986 445 5041 etiam
469 5000 519 5055 per
541 4999 572 5038 se
596 4983 798 5054 vituperanda:
826 4999 889 5037 nam
912 4982 1025 5038 soloecc
1049 4980 1112 5051 ἀτοίμ
1133 4982 1230 5038 1616111
1249 4983 1296 5037 ubi
1315 4998 1382 5038 vcra
1401 4998 1456 5037 non
1474 4983 1557 5039 adest
1574 5000 1622 5056 op

276 5074 389 5146 positio.
