4206 6248
643 1783 715 1881 llll
747 1783 947 1883 idolol
978 1782 1282 1882 STOIOORUM
1410 1874 1411 1878 u

893 2011 1033 2053 scalpam*

747 2152 984 2224 Rundanas
1008 2153 1178 2265 llfflzun

376 2471 563 2553 Pergratum
586 2467 744 2553 profecto,
770 2468 966 2532 Hunnnuua
989 2467 1138 2549 Sumus,
1164 2473 1197 2532 et
1217 2467 1303 2551 quod
1325 2467 1435 2552 plures
1459 2475 1635 2554 exoptave-

290 2596 361 2655 rant
387 2597 514 2676 tempus
541 2589 714 2673 aliquando
742 2588 854 2671 adest,
886 2608 950 2671 quo
972 2588 1070 2654 liceat
1090 2595 1216 2671 gratum
1240 2608 1318 2672 erga
1339 2595 1371 2654 te
1393 2589 1536 2655 animum
1559 2613 1634 2677 pro-

289 2710 387 2790 fiten‘3
425 2730 529 2794 neque
563 2731 624 2794 ego
657 2710 743 2776 volui
776 2709 825 2776 eis
853 2730 917 2775 non
945 2710 1120 2793 interesse,
1157 2709 1212 2793 qui
1240 2709 1513 2794 septuagesimum
1542 2719 1631 2778 tuum

289 2832 430 2897 natalem
453 2831 644 2898 celebraturi
666 2837 751 2897 sunt.
798 2831 969 2915 Repetenti
996 2850 1072 2896 vero
1102 2830 1180 2895 mihi
1209 2831 1395 2897 memoriam
1424 2850 1534 2897 earum
1564 2853 1634 2898 om-

288 2951 375 3016 nium
398 2952 689 3035 necessitudinum,
721 2951 837 3035 quihus
864 2958 969 3018 tecum
992 2951 1068 3016 inde
1090 2951 1320 3036 aparentibus
1342 2952 1423 3018 meis
1447 2953 1632 3021 coniunctus

289 3091 377 3155 sum,
409 3079 441 3138 et
463 3073 622 3160 reputanti
653 3073 749 3138 simul
771 3079 849 3155 quot
869 3072 966 3138 rebus
988 3078 1021 3137 et
1042 3072 1187 3156 quantis,
1221 3072 1309 3139 haud
1332 3075 1399 3139 scio
1421 3095 1464 3140 an
1486 3075 1633 3159 pluribus

289 3214 384 3276 quam
414 3194 472 3260 tibi
500 3195 564 3280 ipsi
591 3193 781 3276 innotuerit,
814 3200 848 3259 tu
877 3212 928 3258 me
957 3192 1182 3276 obstrinxeris,
1214 3194 1268 3259 vix
1298 3195 1468 3278 quicquam
1499 3197 1631 3279 dignum

288 3315 392 3380 visum
415 3323 483 3398 est,
516 3316 602 3399 quod
624 3315 706 3381 festo
729 3315 782 3380 die
803 3313 863 3380 tihi
885 3313 1109 3379 munusculum
1132 3315 1291 3380 offerrem.
1337 3314 1515 3382 Infeliciter
1534 3317 1633 3400 igitur

288 3436 418 3520 accidit,
444 3443 480 3502 ut
501 3436 534 3502 in
556 3457 595 3503 eo
617 3457 702 3502 nunc
722 3436 830 3521 ipsum
853 3434 1031 3501 studiorum
1054 3455 1168 3522 cumpo
1190 3455 1310 3519 verser,
1336 3437 1391 3520 qui
1413 3444 1449 3502 ut
1470 3445 1520 3503 est
1542 3438 1632 3504 ferti-

287 3557 430 3622 lissimus
463 3557 627 3643 spinarum
657 3558 704 3625 ita
730 3563 839 3623 careat
869 3555 1018 3635 floribus,
1054 3558 1168 3641 quales
1200 3557 1472 3640 gratulabundum
1502 3557 1628 3626 decent,

287 3679 394 3761 Aegre
415 3678 451 3743 id
473 3678 627 3745 ferentem
650 3678 732 3745 illud
754 3685 863 3744 tamen
877 3699 929 3744 me
944 3677 1134 3760 consolatur,
1160 3676 1246 3759 quod
1260 3684 1294 3743 tu
1308 3677 1435 3763 pristini
1452 3679 1629 3748 litterarum

286 3807 466 3865 nostrarum
489 3799 670 3885 splendoris
692 3800 833 3866 nondum
855 3799 974 3866 oblitus
994 3799 1056 3864 hac
1069 3804 1179 3863 nostra
1192 3801 1298 3864 aetate
1314 3819 1354 3864 ex
1368 3800 1629 3884 paucissimorum

287 3940 418 3985 numero
441 3939 487 4003 es,
513 3920 568 4005 qui
591 3921 743 4003 quoniam
766 3921 923 4006 philologi
945 3927 1020 3986 sunt
1041 3919 1163 3984 nullam
1186 3918 1383 4004 philologiae
1405 3929 1530 4007 partem
1551 3944 1572 3990 a
1594 3945 1630 3990 se

287 4040 426 4106 alienam
456 4047 583 4125 putant.
630 4041 721 4120 Quae
748 4062 812 4107 nnn
842 4049 1014 4127 propterea
1042 4040 1128 4124 dixi,
1161 4046 1197 4105 ut
1217 4046 1250 4106 te
1273 4040 1456 4125 laudarem,
1487 4043 1523 4108 id
1545 4044 1630 4129 quod

286 4161 468 4244 arrogantis
490 4181 593 4245 neque
616 4169 701 4228 certe
723 4162 788 4228 mei
809 4161 932 4246 ingenii
954 4161 1052 4245 foret,
1086 4159 1145 4226 sed
1168 4170 1204 4226 ut
1225 4181 1276 4226 mc
1298 4161 1404 4246 ipsum
1427 4184 1625 4249 excusarem,

287 4282 314 4346 si
337 4281 418 4347 forte
438 4281 570 4368 ineptus
591 4282 719 4349 viderer
740 4303 823 4366 esse,
850 4283 936 4366 quod
957 4282 1018 4348 hac
1034 4280 1271 4369 opportunitate
1287 4283 1386 4348 verba
1400 4291 1506 4351 tecum
1522 4286 1629 4353 lacere

286 4403 357 4468 volo
379 4401 420 4468 de
443 4402 558 4487 logicis
581 4403 776 4488 Stoicorum,
802 4404 903 4470 aridis
924 4404 991 4469 illis
1013 4410 1046 4469 et
1068 4402 1095 4468 si
1118 4422 1170 4470 res
1192 4402 1399 4487 plurimorum
1421 4404 1540 4471 iudicio
1562 4414 1629 4472 ste-

283 4523 359 4589 terit
384 4523 515 4590 minime
537 4523 645 4607 dignis
666 4524 700 4590 in
723 4545 806 4609 quae
828 4525 1009 4591 accuratius
1031 4524 1220 4608 inquiratur.
1268 4524 1359 4603 Quae
1381 4532 1488 4590 tamen
1510 4532 1542 4591 tc
1564 4547 1628 4592 uon

285 4664 416 4729 prorsus
438 4645 679 4730 repudiaturum
702 4666 776 4713 esse
798 4666 924 4732 speroz.
937 4646 1089 4730 antiquae
1112 4645 1197 4711 euim
1221 4645 1444 4731 philosophiae
1467 4667 1530 4713 non
1545 4647 1629 4715 hano

285 4766 336 4831 vel
366 4766 457 4831 illam
487 4773 612 4850 partem
642 4773 673 4833 te
701 4768 852 4854 amplecti
881 4768 941 4834 sed
970 4767 1153 4833 uniuersam
1183 4767 1242 4833 tibi
1271 4788 1368 4834 curae
1391 4786 1464 4834 esse
1487 4769 1567 4836 satis
1590 4791 1628 4837 eo

283 4886 472 4970 declarasti,
505 4887 590 4971 quod
618 4909 682 4954 non
710 4895 833 4955 tantum
864 4888 964 4955 divini
993 4889 1057 4955 oris
1086 4888 1154 4953 viro
1181 4887 1307 4953 Platoni
1336 4908 1466 4974 operam
1495 4889 1625 4972 dedisti,

283 5008 340 5073 sed
370 5028 411 5074 ne
437 5028 458 5072 a
480 5008 666 5075 Philodemo
696 5009 825 5094 quidem
855 5009 1047 5075 abhorruisti
1075 5029 1151 5075 vere
1181 5007 1342 5074 Graeculo
1371 5009 1427 5075 illo
1446 4990 1489 5077 ‘et
1518 5012 1630 5096 pusilli

283 5128 405 5214 ingenii
433 5129 597 5214 scripture.
645 5130 748 5210 Quale
776 5129 1001 5217 philosophiae
1029 5130 1170 5197 studium
1197 5129 1261 5196 iam
1284 5130 1318 5197 in
1340 5129 1548 5199 adulescente
1570 5155 1630 5223 ap-
