4206 6248
478 666 519 729 38
1002 660 1034 715 o.
1054 657 1296 718 uncusuonu

480 853 644 923 beneficiis
666 859 699 918 et
718 857 810 935 grato
832 850 939 916 animo
966 850 1135 935 (73-82),
1170 850 1210 916 de
1233 851 1317 917 bona
1339 857 1372 917 οι
1392 852 1480 918 mala
1501 851 1629 918 lomuna
1655 853 1818 935 (83-91),

480 978 521 1044 de
549 972 768 1041 misericordia
795 972 856 1055 (92.
883 974 956 1055 93),
993 970 1034 1038 de
1063 992 1142 1038 vera
1169 973 1317 1039 libertate
1339 978 1372 1038 et
1393 973 1546 1039 servitute
1574 976 1744 1059 (91-91),
1781 973 1822 1040 de

480 1094 710 1165 consuetudine
730 1094 794 1176 (98.
812 1093 880 1177 99),
906 1092 948 1159 ds
962 1093 1162 1177 ingenuitate
1190 1095 1287 1177 (199),
1314 1095 1355 1160 de
1371 1094 1585 1160 sollicitudine
1612 1096 1819 1178 (191-194),

480 1219 521 1286 de
544 1222 707 1284 senectute
734 1214 947 1299 (195-107),
980 1213 1021 1279 dc
1043 1214 1175 1280 levitate
1197 1214 1352 1280 sermonis
1380 1218 1463 1297 (108.
1494 1218 1586 1299 109),
1619 1215 1823 1282 deamicitia

485 1341 698 1426 (110-127),
736 1336 776 1401 de
799 1335 933 1401 medicis
960 1337 1173 1418 pus-131),
1210 1335 1251 1401 de
1274 1334 1504 1420 cupiditatibus
1531 1337 1744 1420 (132-137),
1781 1335 1821 1402 dc

480 1459 603 1527 divitiis
624 1466 657 1525 et
678 1463 868 1543 paupertate
894 1456 1105 1540 (138-150),
1132 1456 1173 1521 de
1196 1476 1341 1521 maerore
1369 1456 1581 1541 (151-155),
1610 1457 1722 1524 deira
1748 1458 1821 1542 (156

479 1583 613 1665 -169).

567 1703 649 1768 Fere
678 1719 788 1765 omnes
818 1698 997 1764 sententiae
1028 1702 1103 1763 sunt
1128 1697 1241 1782 paucis
1270 1705 1303 1764 et
1328 1699 1476 1783 praecise
1505 1699 1611 1765 dictae
1634 1707 1666 1767 et
1687 1721 1764 1785 prae
1788 1721 1823 1767 sc

480 1825 588 1892 ferunt
616 1842 679 1887 non
708 1819 843 1886 eandem
872 1818 1001 1903 quidem
1029 1818 1174 1883 sedtum
1197 1818 1334 1884 similem
1358 1819 1548 1904 sapientiam
1572 1827 1604 1886 et
1625 1821 1766 1887 indolem
1790 1829 1824 1887 ιιι

482 1946 522 2013 de
551 1965 614 2011 uno
644 1942 820 2024 eodemque
849 1939 936 2006 fonte
959 1960 998 2004 ex
1021 1959 1083 2023 quo
1105 1939 1186 2004 bueo
1209 1939 1316 2004 omnia
1337 1940 1453 2006 hausta
1475 1941 1539 2006 sint
1560 1942 1668 2007 statim
1690 1942 1747 2008 liat
1769 1963 1824 2009 su-

482 2067 588 2153 spitio.
636 2062 831 2148 Simpliciter
860 2061 944 2126 cuim
974 2060 1196 2145 praescribunt
1217 2061 1285 2126 Deo
1308 2068 1431 2144 gratam
1456 2081 1601 2127 severam
1625 2063 1823 2145 liberumque

482 2188 523 2254 ab
552 2185 638 2252 omni
667 2182 903 2269 perturbatione
933 2181 1031 2245 animi
1061 2181 1172 2246 vitam.
1219 2181 1336 2247 Aliena
1364 2183 1536 2249 tamenab
1559 2184 1822 2249 bacnatura—

483 2310 506 2374 i.
532 2329 582 2390 a,
613 2312 650 2372 ut
676 2303 747 2370 lieri
769 2304 850 2368 solet
870 2302 904 2368 in
927 2302 978 2367 bis
1000 2300 1181 2386 llorilegiis,
1214 2324 1234 2368 a
1256 2303 1462 2388 compilatore
1485 2304 1617 2370 aliunde
1640 2305 1761 2371 inserta
1781 2344 1825 2352 -

484 2435 558 2495 sunt
579 2425 851 2513 apophthegmata
873 2443 956 2505 quae
978 2422 1097 2489 idcirco
1119 2424 1272 2490 cancellis
1300 2426 1325 2507 l]
1353 2425 1461 2510 saepsi
1483 2425 1580 2491 haec:
1608 2447 1639 2490 n.
1663 2429 1703 2492 29
1727 2427 1825 2492 Bian-

483 2557 588 2627 teum‚
614 2570 646 2613 n.
677 2549 736 2611 122
758 2543 936 2610 Alexandri
957 2543 1083 2627 Magni,
1109 2564 1141 2608 n.
1171 2546 1334 2609 128-131
1362 2544 1402 2610 de
1424 2545 1576 2628 medicis,
1609 2568 1640 2612 n.
1671 2553 1729 2610 115
1752 2549 1824 2613 Ari-

483 2670 586 2752 stidis,
612 2691 645 2734 n.
668 2670 726 2731 159
742 2664 902 2744 Ευοιίιιίσ;
928 2664 1011 2730 inter
1032 2685 1115 2748 quae
1137 2671 1286 2749 quattuor
1307 2665 1348 2730 de
1371 2665 1504 2732 medicis
1519 2668 1825 2735 maledicentissima

483 2794 580 2879 plane
603 2789 774 2855 abhorrent
789 2806 809 2850 a
824 2785 1011 2851 collectione
1026 2806 1109 2869 quae
1125 2785 1264 2851 breviter
1278 2786 1416 2851 consilia
1431 2787 1513 2853 bene
1528 2789 1690 2873 probeque
1706 2790 1824 2873 agendi

483 2911 614 2999 exponit
628 2917 724 2994 atque
738 2908 886 2974 videntur
901 2905 1028 2972 adiecta
1042 2907 1273 2972 asomuulento
1285 2909 1403 2973 lectore
1415 2908 1491 2991 quia
1503 2907 1627 2974 duobus
1639 2930 1722 2992 quae
1733 2917 1825 2976 ante-

483 3034 602 3101 oedunt
615 3029 773 3115 exemplis
789 3029 870 3094 vidit
884 3028 1003 3093 amicos
1019 3048 1090 3092 cum
1105 3027 1239 3093 medicis
1254 3035 1466 3113 comparatos.
1499 3030 1632 3096 Fontem
1648 3023 1824 3097 ceterorum

484 3154 602 3221 diserte
624 3151 770 3218 indicant
790 3149 944 3235 inscripta
966 3149 1080 3214 verba:
1108 3152 1222 3234 γνὼμοιι
1244 3146 1313 3214 κατ’
1333 3144 1459 3235 ἐκλογήν
1474 3149 1509 3214 ἔκ
1524 3156 1622 3216 τετοῦ
1637 3151 1825 3238 Δημοκρίτου

483 3274 535 3340 καί
554 3267 736 3358 Ἐπικτήτου
759 3271 810 3336 καὶ
832 3271 941 3357 ἑτέρων
965 3273 1084 3356 οοφώι;
1112 3270 1230 3335 scimus
1253 3291 1293 3336 ex
1320 3272 1579 3354 ‘parallelorum‘
1603 3272 1684 3338 libro
1707 3272 1825 3356 dequo

484 3416 582 3480 supra
612 3393 682 3460 dixi
710 3393 855 3459 extitisse
883 3390 989 3456 medio
1011 3390 1335 3457 aevo‘colleotionem
1358 3392 1519 3474 quandam
1543 3392 1594 3457 cui
1616 3393 1664 3458 ita
1684 3393 1752 3459 lere
1775 3394 1826 3460 in-

484 3517 635 3603 scriptum
657 3513 734 3581 fuit:
763 3515 797 3578 ἐκ
819 3516 870 3577 του
886 3511 1073 3599 Δημοκρίτου
1089 3508 1139 3576 καί
1157 3507 1346 3598 Ἰσοκράτους
1361 3512 1411 3576 καί
1432 3507 1614 3598 Ἐπικτήτου
1630 3517 1823 3600 ἐγχειριδίου.

484 3639 631 3721 Namque
654 3641 710 3700 aut
731 3635 855 3720 plenior
875 3632 1034 3717 profertur
1054 3632 1221 3717 inscriptio
1242 3632 1342 3698 haec:
1367 3636 1474 3699 ἐκτῶν
1490 3630 1672 3719 Ἐπικτήτου
1688 3633 1824 3701 καὶἸτο-

484 3753 609 3846 κράτους
639 3755 690 3820 καί
718 3754 906 3841 Δημοκρίτου
940 3751 1021 3836 (eod.
1052 3752 1191 3838 Neapol.
1216 3753 1348 3818 Maxim.
1374 3757 1392 3817 6
1416 3775 1448 3839 ρ.
1477 3757 1555 3837 192,
1585 3760 1622 3818 14
1654 3756 1738 3841 Rib.)
1774 3758 1825 3822 vel

485 3885 519 3946 ἐκ
541 3885 599 3945 τῶν
620 3872 801 3962 Ἐπικτήτου
821 3870 1010 3962 Ἰσοκράτους
1033 3872 1221 3960 Δημοκρίτου
1248 3873 1388 3956 (Maxim.
1416 3877 1456 3939 28
1479 3896 1512 3958 p.
1538 3878 1609 3954 611,
1633 3880 1674 3942 28
1698 3877 1821 3978 Comh.)

484 4001 536 4067 vel
566 3998 754 4085 Δημοκρίτου
783 3993 973 4084 Ἰσοκράτους
1006 3993 1057 4060 καί
1082 3989 1265 4080 Ἐπικτήτου
1304 3995 1442 4078 (Maxim.
1470 3999 1487 4058 7
1512 4017 1545 4080 p.
1574 4000 1645 4079 191,
1672 4001 1712 4063 30
1737 3999 1822 4081 1111),

488 4125 559 4205 173,
582 4123 619 4185 19
642 4120 770 4205 (iesu),
796 4119 848 4185 vel
872 4120 906 4184 ἐκ
927 4121 980 4182 τοῦ
1003 4111 1214 4203 Δημοκράτους
1233 4111 1425 4202 Ἰσοκράτους
1448 4114 1499 4181 καί
1518 4112 1700 4203 ’Ἐπικτήτου
1729 4120 1824 4202 (Max.

489 4247 525 4307 17
542 4263 575 4327 p.
590 4244 664 4324 586,
680 4241 783 4322 150.)
802 4239 856 4305 vel
871 4240 905 4304 ἐκ
920 4244 978 4306 τῶν
994 4237 1181 4325 Δημοκρίτου
1196 4238 1377 4324 ἐγχειριδίου
1392 4237 1444 4302 καί
1456 4233 1642 4325 Ἰσοκράτους
1664 4239 1824 4322 (Laurent.

485 4363 623 4448 Neapol.
648 4360 760 4427 Ribitt.
784 4360 871 4425 Max.
897 4363 938 4425 32
961 4382 994 4445 p.
1021 4363 1094 4443 621,
1120 4362 1161 4425 29
1185 4359 1256 4442 Ο.);
1293 4363 1349 4424 ant
1370 4357 1535 4424 decurtata
1558 4359 1605 4424 sic
1627 4365 1692 4424 est:
1720 4363 1753 4426 ἐκ
1776 4365 1828 4425 τοῦ

484 4478 664 4568 Ἐπικτήτου
686 4481 869 4568 ἐγχειριδίου
891 4477 942 4546 καί
959 4477 1148 4568 Ἰσοκράτους
1177 4480 1271 4564 (Max.
1298 4481 1338 4543 23
1361 4501 1393 4564 p.
1412 4484 1485 4563 609,
1506 4483 1572 4564 lo),
1597 4482 1632 4545 ἐκ
1653 4484 1713 4544 τῶν
1732 4478 1826 4546 Ἐπι-

487 4599 596 4690 κτήτου
617 4602 669 4667 καί
687 4597 876 4688 Ἰσοκράτους
903 4600 981 4684 [flor.
999 4600 1150 4666 Laurent.
1167 4621 1198 4684 p.
1218 4603 1292 4683 239,
1315 4603 1352 4665 19
1369 4600 1544 4686 Μοίιιοιι.);
1570 4601 1828 4685 frequentissime

487 4731 594 4790 autem
617 4723 705 4810 apud
726 4722 901 4788 Maximum
925 4741 1114 4807 semperque
1136 4720 1223 4807 apud
1238 4720 1409 4787 Antonium
1433 4741 1515 4787 unus
1537 4722 1641 4788 solum
1664 4742 1705 4788 ex
1727 4723 1829 4788 tribus

487 4844 670 4912 auctoribus
692 4843 844 4909 laudatur
865 4842 934 4909 sive
957 4844 991 4907 ἐκ
1013 4846 1071 4906 τῶν
1090 4837 1274 4928 ’Ἐπικτήτου
1300 4842 1442 4925 (Maxim.
1468 4845 1508 4906 52
1530 4865 1563 4927 p.
1581 4846 1656 4925 654,
1681 4846 1733 4928 43)
1761 4845 1829 4910 sivo

483 4959 682 5051 Ἐπικτήτου,
707 4963 784 5030 item
807 4963 996 5051 Δημοκρίτου
1023 4958 1255 5050 (Δημοκράτους)
1282 4968 1378 5046 abque
1396 4958 1602 5050 Ἰσοκράτους,
1635 4964 1681 5030 ita
1706 4971 1825 5048 tamen,

488 5092 523 5152 ut
545 5084 650 5152 eidem
673 5084 851 5152 sententiae
873 5085 1021 5171 apposita
1042 5083 1173 5149 nomina
1193 5103 1257 5149 non
1279 5083 1381 5149 solum
1398 5083 1485 5168 apud
1500 5083 1644 5150 diversos
1659 5085 1830 5170 scriptores
