4118 6240
450 627 510 691 156
1004 626 1049 681 W.
1068 627 1236 684 GURLITT

447 817 479 881 ll
502 820 576 900 589,
598 800 644 882 ”38
667 822 778 911 στῆσαι
800 820 831 883 ἐν
854 821 896 904 τῷ
920 818 992 904 ἱερῷ
1013 821 1065 903 τῆς
1082 812 1234 898 Ἑοτίας);
1266 815 1350 881 unde
1373 836 1436 881 non
1459 814 1554 881 modo
1576 820 1712 899 apparet
1733 814 1794 881 hoo

446 938 564 1003 Vestae
587 938 743 1024 templum
764 938 799 1003 in
821 928 933 1004 Piraeo
956 937 1049 1003 demo
1071 937 1218 1020 fuissesj,
1246 936 1304 1002 sed
1326 935 1412 1002 idem
1435 936 1479 1002 ad
1501 934 1584 1001 illud
1606 935 1708 1001 forum
1733 956 1793 1020 pa-

445 1077 600 1140 ganorum
616 1057 712 1123 situm
728 1078 817 1138 esse;
844 1078 928 1142 quae
948 1057 1045 1124 etiam
1061 1057 1208 1123 Bursiaui
1225 1055 1385 1122 sententia
1400 1063 1454 1122 est
1469 1057 1597 1140 (Geopr.
1616 1056 1632 1120 Ι
1647 1077 1680 1141 p.
1701 1058 1787 1139 270).

445 1178 514 1244 Hoo
542 1197 618 1244 vero
649 1177 751 1244 forum
778 1177 941 1244 diversum
964 1186 1014 1244 est
1036 1185 1068 1244 et
1090 1198 1110 1243 a
1132 1178 1293 1244 oelebrato
1315 1176 1371 1241 illo
1394 1175 1609 1261 Hippodamio
1619 1179 1663 1261 ²),
1697 1184 1730 1244 et
1751 1178 1791 1244 ab

445 1298 566 1374 altero,¹
584 1297 671 1381 quod
693 1297 738 1384 ad
759 1319 847 1365 mare
871 1298 966 1363 situm
990 1302 1104 1381 oratu.
1152 1299 1236 1364 Nam
1259 1297 1362 1363 forum
1383 1296 1635 1383 Hippodamiam
1656 1298 1699 1363 ad
1722 1319 1792 1364 ur-

444 1420 532 1486 bem
554 1418 703 1485 Piraeum
726 1419 918 1504 pertinebat,
944 1440 1027 1503 quae
1050 1419 1197 1485 ePiraeo
1219 1425 1252 1485 et
1266 1419 1442 1503 Monychia
1456 1417 1560 1484 demis
1576 1419 1789 1505 constabatb,

445 1560 549 1623 neque
571 1545 679 1606 vetere
701 1539 858 1624 religione
881 1547 1042 1607 saoratum
1064 1546 1151 1619 erat,
1186 1546 1221 1606 ut
1243 1561 1331 1625 pnyx
1353 1539 1508 1621 Athenis,
1537 1558 1633 1621 quam
1656 1539 1792 1607 Athenio

446 1660 533 1746 apud
548 1659 665 1726 Athen.
682 1661 710 1725 V
725 1682 757 1746 p.
777 1657 856 1726 213‘¹
880 1662 957 1725 θεῶν
980 1663 1128 1748 χρησμοῖς
1151 1662 1390 1746 καθωσιωμένην
1413 1660 1568 1746 appellat,
1595 1659 1653 1726 Sed
1675 1659 1716 1725 ad
1731 1682 1791 1726 au-

445 1780 587 1865 gendum
617 1800 720 1846 novae
750 1780 837 1846 urbis
865 1781 1068 1866 splendorem
1098 1781 1321 1860 oonstitutum3
1354 1801 1455 1865 quare
1482 1781 1661 1848 Pausanias
1691 1780 1725 1846 in
1752 1801 1790 1847 eo

445 1900 526 1967 nihil
557 1909 668 1967 notatu
697 1900 830 1985 dignum
859 1900 993 1967 invenit.
1040 1901 1158 1968 Forum
1180 1909 1287 1968 autern
1311 1921 1415 1967 rerum
1437 1902 1631 1984 venalirrm⁵)
1657 1923 1678 1966 a
1700 1909 1791 1987 tergo

445 2029 515 2089 erat
543 2022 660 2106 longae
689 2021 882 2108 porticusll,
917 2022 1032 2088 statuis
1062 2021 1147 2088 lovis
1177 2030 1210 2088 et
1235 2022 1330 2088 Demi
1359 2043 1379 2087 a
1409 2021 1573 2089 Leochare
1602 2022 1790 2109 fabrefactis

443 2149 601 2209 ornatum.
647 2144 718 2208 Iam
748 2143 875 2209 tertium
903 2142 1028 2210 aceedit
1050 2143 1170 2224 forum,
1203 2142 1244 2209 de
1267 2164 1330 2226 quo
1352 2143 1387 2208 in
1408 2142 1499 2209 titolo
1522 2143 1637 2227 agitur.
1685 2144 1790 2227 Atque

443 2263 478 2329 id
499 2263 629 2346 quidem
652 2264 832 2330 Pausanias
853 2277 1045 2348 quamquam
1066 2263 1196 2330 disertis
1218 2264 1324 2330 verbis
1347 2285 1410 2330 non
1432 2263 1593 2346 nominat,
1620 2271 1727 2330 tamen
1749 2265 1790 2330 ab

444 2404 501 2467 eo,
533 2391 568 2451 ut
595 2392 645 2451 est
674 2391 817 2451 veterum
845 2384 1036 2469 religionum
1066 2384 1333 2469 diligentissimus
1356 2391 1586 2469 perscrutator,
1620 2384 1653 2449 in
1675 2385 1790 2450 Piraeo

361 2564 363 2569 .
444 2504 655 2572 describendo
684 2505 813 2571 initium
843 2505 976 2590 capim).
1023 2506 1092 2581 Ηοο
1121 2505 1218 2590 igitur
1244 2512 1293 2572 est
1315 2512 1459 2572 oeutrum
1483 2512 1644 2570 sacratum
1667 2505 1790 2589 antiqui

444 2625 575 2710 demi⁸)‚
609 2627 665 2709 qni
693 2626 725 2691 iu
746 2626 834 2696 Iovis
857 2626 1036 2692 Servatoris
1066 2634 1099 2692 et
1121 2626 1285 2692 Minervae
1313 2626 1416 2692 tutela
1438 2633 1526 2692 erat:
1560 2626 1633 2693 hino
1655 2648 1790 2713 pompas

443 2745 486 2812 ad
507 2747 699 2814 Heraoleum
722 2742 912 2834 τετράκωμον
936 2766 1036 2832 prope
1058 2747 1173 2812 fretum
1196 2746 1408 2812 Salaminium
1432 2747 1630 2832 processisse
1653 2769 1789 2815 eonsen-

443 2875 571 2933 taueum
602 2874 666 2934 est:
700 2867 752 2933 hio
781 2867 877 2933 etiam
900 2867 1066 2933 Strabonis
1096 2873 1205 2934 aetate
1227 2875 1340 2934 tenues
1364 2867 1525 2953 splendidi
1548 2868 1709 2952 quondam
1733 2889 1791 2953 op-

442 2987 510 3074 pidi
543 2988 697 3072 reliquiae
731 2987 918 3073 superstites
952 2992 1087 3071 erantlj..
1135 2988 1227 3066 Quae
1260 2987 1287 3052 si
1321 3008 1396 3055 vere
1425 2988 1591 3074 disputata
1620 2996 1711 3072 sunt,
1747 2989 1790 3055 ad

443 3109 545 3175 forum
568 3109 654 3175 demi
676 3107 782 3174 Piraei
804 3080 926 3193 templa
948 3108 1132 3175 tutelarium
1156 3108 1306 3191 deorum,
1332 3108 1431 3175 aedes
1454 3110 1572 3175 Vestae
1596 3117 1628 3175 et
1650 3111 1790 3195 portious

442 3230 512 3296 sive
534 3231 636 3317 ’λέσχη
667 3229 839 3296 aedificata
860 3236 968 3295 orant:
1003 3235 1112 3294 eontra
1134 3229 1262 3294 omniuo
1285 3229 1401 3295 desunt
1422 3229 1609 3297 divinitates
1632 3230 1786 3308 marinae,

442 3371 575 3434 quarum
597 3371 750 3434 maguum
772 3370 937 3416 numerum
953 3349 1081 3414 Phaleri
1104 3349 1204 3415 fuisse
1226 3349 1312 3415 infra
1333 3350 1550 3432 iuveniernus3
1577 3372 1692 3438 nempe
1714 3351 1790 3436 quia

440 3470 575 3537 Piraeus
596 3470 772 3554 antiquitus
795 3477 904 3556 portus
927 3490 989 3535 nou
1013 3477 1093 3536 erat.

532 3696 547 3760 ¹)
570 3701 601 3750 ut
627 3695 788 3750 Boeolrhius
812 3694 844 3749 C.
864 3695 886 3749 Ι.
908 3694 942 3751 G.
968 3693 1026 3764 lp.
1049 3696 1097 3747 ltu
1122 3702 1152 3750 et
1174 3696 1323 3761 llioksius
1353 3696 1490 3807 cotkotion
1513 3699 1548 3764 os
1567 3698 1674 3752 ancient
1701 3696 1790 3753 Greek

443 3782 522 3836 ιἰιιον.
543 3781 572 3835 ιἰι
590 3782 631 3835 tbs
649 3782 723 3836 Brit.
741 3798 808 3834 mur
830 3780 889 3851 Ip.
903 3783 936 3832 22
955 3782 1102 3836 adnotant.

528 3868 548 3933 2)
570 3867 606 3923 os.
628 3868 858 3938 Wachsmuthp.
873 3870 933 3920 319.

528 3957 548 4017 ³)
569 3956 651 4010 Pauo.
672 3956 695 4020 Ι,
718 3957 740 4019 l,
762 3957 792 4008 3:
819 3955 906 4009 lust
895 3957 923 4008 οὲ
940 3961 987 4024 τῆς
1009 3959 1084 4014 στοᾶς
1107 3962 1155 4026 τῆς
1180 3961 1289 4029 μακρᾶς,
1316 3956 1378 4011 ἔνθα
1395 3958 1555 4029 καθέστηκεν
1574 3957 1656 4030 ἀγορὰ
1672 3965 1727 4020 τοῖς
1745 3961 1787 4015 ἐπὶ

443 4042 583 4114 θαλάττης,
602 4043 646 4095 uui
664 4041 711 4113 γὰρ
728 4048 783 4101 τοῖς
801 4041 927 4113 ἀπωτέρω
944 4046 989 4094 τοῦ
1007 4040 1110 4109 λιμένος
1130 4040 1196 4094 ἐστὶν
1215 4043 1298 4112 ἑτέρα.

527 4129 545 4192 ⁴)
569 4131 636 4200 Lys.
657 4145 682 4182 o.
702 4126 790 4197 Ager.
813 4131 876 4192 (13]
898 4130 940 4178 32.
961 4130 1007 4178 55:
1029 4127 1153 4200 ἐκκλησία
1171 4125 1346 4202 Μοννοχίοοιν
1366 4131 1392 4183 ἐν
1410 4133 1447 4201 τῷ
1471 4132 1581 4202 θεάτρῳ.
1619 4131 1690 4187 Xen.
1712 4133 1786 4188 Hell.

441 4217 479 4281 ΙΙ,
501 4219 525 4278 t,
546 4218 593 4267 32:
614 4217 643 4269 τὸ
662 4214 777 4286 Πειραιοῖ
795 4214 858 4269 θέαι
848 4233 912 4284 ρον.

526 4302 545 4367 ⁶)
568 4301 604 4357 oi.
625 4303 659 4357 E.
679 4302 794 4358 Curtius
811 4301 933 4355 Aestate
952 4301 1063 4356 Studien
1082 4301 1155 4372 llp.
1173 4304 1213 4354 ld.

527 4388 546 4451 ὃ)
568 4387 645 4441 Hauc
669 4388 754 4455 longa
776 4387 902 4456 porticus
924 4386 1019 4456 (μακρὰ
1038 4387 1107 4451 στοά]
1134 4403 1190 4442 non
1215 4388 1314 4442 eadem
1333 4404 1396 4443 esse
1415 4394 1511 4458 potest
1528 4396 1613 4459 atque
1632 4406 1788 4460 ea,quem

440 4473 651 4544 'lhuoydides
647 4473 733 4535 '‚Vlll
754 4479 797 4538 tto,
819 4477 842 4539 5)
865 4473 1013 4528 maximam
1036 4474 1172 4546 (μεγίστην)
1195 4475 1329 4544 appellat.
1368 4475 1437 4529 Nam
1457 4476 1495 4540 si,
1521 4482 1551 4529 ut
1570 4484 1698 4545 parent,
1719 4478 1791 4532 Pau-

441 4560 548 4616 saniam
567 4559 594 4614 iu
615 4559 802 4615 describendo
826 4561 953 4615 ordinem
972 4560 1206 4630 topographicum
1225 4576 1354 4616 servasse
1373 4562 1538 4624 statuimus,
1564 4563 1680 4632 propius
1699 4581 1716 4618 a
1734 4565 1790 4619 Vo-

439 4647 516 4701 neris
534 4646 640 4715 tornplo
659 4662 742 4715 quam
760 4647 797 4701 ab
817 4647 949 4700 Eetionis
967 4646 1039 4700 haee
1056 4647 1183 4714 porticus
1201 4645 1310 4702 aberat.

526 4735 543 4796 ⁷)
566 4733 588 4796 I,
614 4735 634 4796 l,
656 4738 684 4785 3:
710 4731 771 4791 θέεις
795 4732 823 4786 δὲ
847 4731 916 4795 ἄξιον
935 4763 970 4771 -
985 4729 1094 4804 Ἀθηνᾶς
1121 4733 1172 4785 ἐστι
1191 4733 1234 4786 καὶ
1252 4730 1312 4791 Διὸς
1330 4733 1435 4801 τέμενος
1453 4764 1488 4771 -
1506 4733 1617 4788 ἐνταῦθα
1635 4733 1788 4808 Λεωσθένην

439 4849 473 4858 -
489 4819 534 4873 καὶ
551 4819 610 4878 τοὺς
628 4819 723 4878 παῖδας
742 4819 851 4891 ἔγραψεν
867 4815 1046 4889 Ἀρκεσίλαος,
1070 4820 1197 4874 nimirum
1217 4819 1244 4873 iu
1264 4819 1374 4889 porticu
1392 4819 1438 4875 vel
1459 4820 1540 4894 λέσχῃ
1560 4822 1691 4890 quadam.
1724 4824 1791 4889 Qui-

439 4907 492 4960 hus
511 4906 617 4960 Vestae
636 4906 734 4959 aedem
753 4920 788 4958 ex
808 4904 990 4973 inscriptione
1008 4904 1115 4958 addere
1134 4920 1291 4973 possumus.

523 4995 541 5055 ⁸)
563 4993 647 5046 Paua.
668 4990 689 5054 l,
713 4993 735 5055 l,
757 4993 787 5043 ¹2:
809 4989 823 5043 θ
842 4990 870 5042 δὲ
890 4988 1022 5060 Πειραιεὺς
1041 4990 1123 5060 δῆμος
1141 4991 1174 5060 ἠν
1193 4990 1224 5044 ἐκ
1241 4991 1404 5045 παλαιοῦ-
1423 4991 1530 5045 ἐπίνειον
1550 4991 1597 5045 οὐκ
1615 4992 1656 5071 ἦν.

524 5081 544 5146 9)
566 5077 606 5134 IX
625 5094 653 5154 p.
673 5078 734 5130 395.
755 5079 815 5133 396,
853 5076 886 5130 Ε.
907 5076 1021 5141 Curtius
1040 5081 1099 5136 Act.
1122 5079 1200 5139 stud,
1220 5077 1247 5134 11
1265 5097 1292 5159 p.
1314 5081 1339 5139 8,
1361 5090 1363 5095 “
