4118 6240
432 665 472 726 94
1009 664 1042 719 Ε.
1063 664 1204 719 HILLER

430 854 657 921 mentationcrn
674 854 834 938 Bergkius
857 855 927 940 ipse
942 855 1177 938 quodammodo
1191 853 1348 936 concedit,
1374 853 1582 938 Hippolytum
1599 852 1640 916 ab
1657 851 1779 915 Aristo-

432 975 537 1062 phane
560 974 647 1040 hand
669 995 741 1040 raro
762 975 852 1059 tangi
874 975 1042 1041 adnotans.
1083 976 1215 1040 Praeter
1229 974 1497 1059 Aristoplraueam
1517 972 1640 1038 exstitit
1653 970 1777 1056 Diphili

431 1096 542 1162 fabula
567 1091 724 1183 Ἀνᾶνυρος
751 1095 918 1181 iuscripta.
971 1096 1023 1161 Ad
1051 1117 1187 1181 poenam
1221 1095 1263 1160 ab
1291 1097 1445 1178 Anagyro
1480 1094 1576 1159 heroe
1605 1091 1778 1159 exercitam

432 1224 596 1302 spectasse
618 1215 746 1282 videtur
766 1217 969 1302 proverbium
992 1213 1041 1282 τὸν
1062 1212 1220 1304 Ἀνάνορον
1243 1218 1334 1281 κινεῖν
1357 1216 1477 1281 dietum
1499 1215 1540 1280 dc
1563 1234 1601 1280 co
1623 1212 1677 1298 qui
1692 1212 1780 1277 mula

432 1338 494 1403 sibi
517 1337 685 1404 contraxit.
731 1337 829 1402 Arist.
855 1338 992 1421 Lysistr.
1011 1340 1051 1403 68
1083 1334 1099 1402 δ
1128 1341 1199 1424 γοῦν
1219 1332 1377 1424 Ἀνάγυράς
1407 1362 1458 1421 μοι
1483 1337 1661 1420 κεκινῆσθαι
1683 1334 1775 1398 δοκεῖ.

433 1458 553 1524 Zenob.
572 1459 659 1522 1155
686 1454 844 1544 Ἀνάγυρον
867 1460 974 1522 κινεῖν;
1015 1457 1094 1522 ἔστιν
1117 1455 1133 1522 ὁ
1154 1453 1311 1544 Ἀνάηυρος
1332 1454 1516 1544 (Ἀναμυροδς
1538 1453 1776 1535 Schneidewin)

434 1582 528 1665 δῆμος
557 1574 702 1662 Ἀττικός,
739 1577 815 1643 ἔνθα
848 1581 978 1652 δυσῶδες
1011 1575 1103 1666 φυτὸν
1132 1575 1256 1667 φύεται,
1293 1573 1372 1644 ούτω
1402 1574 1587 1664 καλούμενον
1618 1572 1777 1662 άνάηυρος.

433 1698 550 1788 εἴρηται
580 1691 631 1764 ούν
653 1695 674 1787 ἡ
697 1699 845 1786 παροιμία
873 1701 1010 1765 ἐντεδίλεν
1040 1699 1088 1765 ἐπί
1118 1703 1173 1765 τῶν
1203 1695 1361 1766 κινούντων
1383 1697 1451 1765 τινὰ
1475 1698 1523 1787 ἐπί
1546 1701 1632 1785 κακῷ
1654 1699 1778 1762 ἑαυτῶν.

433 1820 509 1894 τινές
532 1819 566 1885 δὲ
588 1821 725 1906 λέγουσιν
748 1815 793 1886 δτι
811 1816 970 1908 Ἀνάηυρος
992 1813 1072 1907 ῖρως
1095 1823 1234 1908 γέγονεν,
1265 1815 1345 1895 δστις
1373 1819 1441 1895 τούς
1471 1819 1572 1894 οἴκους
1601 1825 1660 1884 τῶν
1683 1843 1781 1904 γειτο-

434 1938 561 2008 νούντων
592 1937 673 2029 αὐτῷ
703 1944 737 2006 ἐκ
762 1938 884 2029 βάδρων
907 1939 1103 2029 ἀνέστρεψεν,
1136 1939 1240 2029 ἐπειδὴ
1263 1939 1295 2008 τδ
1325 1940 1425 2031 ἡρῷον
1453 1938 1545 2008 αύτοῶ
1568 1937 1689 2029 ὑβρίσαι
1711 1940 1782 2003 έπε-

434 2063 592 2152 χείρησαν.
641 2065 788 2149 μέμνηται
825 2059 934 2150 ταύτης
969 2059 1183 2151 Ἀριστοφάνης
1216 2065 1248 2128 ἐν
1285 2061 1486 2151 Λυσιστράτη.
1540 2062 1678 2145 Diogen.
1702 2060 1781 2124 125

430 2181 591 2272 Ἀνάηυρον
620 2187 729 2258 sicsic:
770 2183 819 2250 ἐπί
846 2187 905 2249 τῶν
935 2181 1094 2250 κινούντων
1123 2183 1190 2251 τινὰ
1215 2184 1263 2250 ἐπὶ
1285 2191 1328 2272 τῷ
1350 2187 1462 2251 ἑαυτῶν
1485 2187 1583 2272 κακῷ.
1624 2177 1783 2267 Ἀνάηυρος

433 2302 492 2393 γάρ
514 2331 558 2379 τις
579 2296 661 2392 ἥρως
684 2301 936 2392 ἐπιχώριοςτοδς
961 2311 1164 2392 γειτονοδντας
1195 2309 1229 2372 ἐκ
1259 2302 1382 2394 βάθρων
1414 2302 1590 2393 ἀνέτρεψεν,
1622 2298 1726 2387 ἐπειδὴ
1750 2296 1784 2365 τὸ

433 2424 533 2515 ἡρῷον
551 2422 640 2491 αδτοδ
655 2421 776 2513 ὑβρίσαι
790 2428 1001 2519 ἐπεχείρησαν.
1039 2427 1089 2494 Cf.
1109 2427 1290 2494 etiam152
1312 2428 1464 2514 (Apostol.
1481 2428 1529 2492 lx
1540 2427 1608 2510 99).
1645 2423 1781 2506 Gregor.

435 2549 534 2633 Cypr.
559 2546 630 2613 cod.
656 2547 859 2630 Mosq.122.
907 2548 972 2614 Alii
996 2548 1198 2634 proverbium
1221 2570 1241 2613 a
1263 2549 1375 2634 planta
1404 2569 1487 2633 quae
1511 2542 1658 2633 ἀνάγυρος
1687 2565 1784 2610 voca-

435 2669 529 2735 batur
542 2688 724 2752 nomenque
746 2689 832 2753 pago
851 2667 986 2735 dederat
1006 2709 1050 2717 -
1072 2690 1112 2735 cx
1134 2669 1211 2754 pagi
1227 2678 1334 2735 autern
1349 2670 1477 2734 nornine
1500 2668 1604 2734 lactus
1619 2674 1669 2732 est
1689 2665 1783 2731 heros

435 2827 479 2837 -
500 2789 700 2855 derivabant.
747 2789 785 2854 V.
812 2790 933 2855 Zenob.
959 2791 982 2855 l.
1000 2811 1027 2856 c.
1076 2791 1183 2856 Schol.
1209 2790 1372 2875 Aristoph.
1398 2791 1419 2854 l.
1440 2810 1467 2855 c.
1493 2786 1578 2876 παρὰ
1599 2784 1652 2854 τίν
1675 2811 1784 2873 παροι-

436 2911 507 2996 μίαν
535 2905 662 2996 ικινήσω
683 2906 734 2974 τδν
757 2905 929 2998 ἀνάγυρον’.
968 2911 1032 2976 ἔστι
1055 2911 1088 2976 δὲ
1110 2908 1171 2976 πύα
1193 2907 1339 2997 δυσώδης.
1387 2911 1506 2976 Snidas
1527 2930 1554 2976 s.
1573 2931 1605 2975 v.
1625 2904 1785 2993 Ἀνάγυρος

441 3033 550 3115 [mant.
575 3031 723 3116 proverb.
740 3031 757 3095 Ι
773 3033 845 3114 erl:
884 3034 989 3118 [δῆμος
1011 3038 1064 3119 τῆς
1082 3030 1225 3119 Ἀττικῆς.
1268 3031 1330 3116 καί]
1358 3023 1450 3105 άνδος
1470 3024 1488 3097 δ
1511 3027 1683 3118 τριβόμενον
1706 3020 1780 3098 δίει.

435 3151 487 3218 καί
508 3151 654 3239 παροιμία
676 3152 814 3223 ἐντεῦθεν
841 3155 944 3228 ίκινεῖς
965 3153 1015 3219 τδν
1039 3150 1198 3241 άνάηυρον’
1223 3153 1271 3218 ἐπί
1293 3158 1352 3218 τῶν
1370 3155 1585 3240 ἐπισπωμένων
1609 3152 1726 3223 ἑαυτοῖς
1747 3144 1785 3213 τὰ
1810 3190 1814 3200 -

435 3269 525 3339 κακά.
575 3293 602 3338 o.
620 3294 652 3337 v.
677 3274 768 3346 κινεῖς
795 3269 845 3338 τὸν
869 3270 1034 3362 άνάγυρονε
1075 3275 1124 3340 ἐπί
1152 3281 1210 3340 τῶν
1238 3276 1452 3361 ἐπισπωμένων
1481 3275 1598 3347 ἑαυτοῖς
1627 3270 1665 3337 τὰ
1693 3265 1783 3335 κακά.

436 3395 500 3460 ἔστι
522 3393 555 3460 δὲ
577 3390 610 3459 τὸ
634 3389 724 3481 φυτὸν
747 3390 763 3458 δ
787 3390 933 3482 άνάηυρος
957 3398 1086 3470 δυσῶδες
1108 3395 1293 3484 τριβόμενον.
1340 3397 1483 3481 Hesych.
1517 3391 1665 3481 άνάηυρον
1694 3394 1785 3456 κινεῖν

441 3513 518 3602 (κινή
540 3515 653 3599 codex,
679 3535 742 3580 ern.
761 3515 909 3598 Schow)·
941 3517 1088 3604 παροιμία
1114 3513 1246 3582 ίκινιίσω
1269 3515 1317 3582 τδν
1341 3513 1503 3604 άνάρυρον’
1528 3513 1633 3582 διὰτὸ
1656 3515 1785 3584 δυσῶδες

437 3634 529 3726 φυτὸν
560 3633 667 3702 nitier
696 3631 839 3722 φύεσθαι.
888 3638 992 3702 Bckk.
1023 3638 1136 3704 anecd.
1162 3660 1194 3724 p.
1217 3643 1279 3702 210
1306 3634 1536 3725 Ἀναγυράσιοςῑ
1584 3633 1600 3701 δ
1625 3633 1786 3722 Ἀνάγυρος

442 3755 628 3846 (Ἀναηυροδς
651 3757 792 3839 Bekker)
819 3760 913 3843 δῆμος
935 3754 986 3844 της
1007 3753 1153 3845 Ἀττικῆς,
1187 3759 1262 3824 ἔνθα
1291 3757 1342 3824 καί
1371 3757 1461 3847 φυτὸν
1485 3753 1592 3846 φύεται
1615 3759 1746 3829 δυσῶδες
1769 3754 1786 3819 ὀ

437 3876 603 3968 άνοὶηυρος,
637 3875 687 3966 ἐφ’
715 3870 751 3944 ού
777 3880 896 3965 λέγεται
925 3875 965 3965 μὴ
989 3881 1080 3944 κινεῖν
1103 3877 1153 3944 τδν
1176 3876 1337 3967 άνάγυρον.
1386 3881 1464 3946 Lex.
1490 3880 1589 3946 Coisl.
1615 3879 1650 3943 in
1672 3898 1786 3963 paroc-

437 4003 550 4086 miogr.
576 4001 629 4066 ed.
655 3999 799 4082 Gotting.
818 3999 834 4063 I
855 4010 887 4083 p.
908 4004 949 4064 46
968 3996 1125 4088 Ἀνάρυρος
1149 4005 1242 4086 δῆμος
1265 4007 1318 4087 τῆς
1337 3999 1485 4086 Ἀττικῆς,
1519 4000 1594 4064 ἔνθα
1617 3991 1653 4083 ἦν
1678 3999 1788 4086 βορβο-

438 4120 536 4209 ρώδης
559 4119 647 4194 τύπος
670 4115 830 4185 κάντεδδεν
855 4117 1009 4207 δυσώδης,
1041 4114 1075 4195 ῶς
1098 4118 1271 4207 κινούμενος
1293 4119 1406 4207 πολλὴν
1430 4121 1524 4188 ἐποίει
1546 4117 1598 4205 τὴν
1623 4118 1783 4184 δυσωδίαν.

438 4246 573 4310 ἑντεδδεν
597 4241 782 4329 ἐπεκράτησε
804 4239 854 4305 καί
875 4243 1023 4328 παροιμία
1050 4245 1158 4317 ικινεῖς
1180 4241 1229 4308 τὸν
1250 4239 1419 4330 Ἀνάηυρον’
1444 4242 1491 4307 ἐπὶ
1512 4246 1571 4307 τῶν
1588 4243 1706 4313 ἑαυτοῖς
1722 4242 1788 4304 ἐπι-

437 4361 595 4431 κινούντων
619 4359 708 4428 κακά.
750 4362 823 4428 ἔνιοι
848 4363 880 4428 δὲ
904 4360 962 4428 άπὸ
986 4359 1148 4451 ἀναηύρου,
1175 4362 1353 4452 λοχμυίδους
1373 4368 1466 4452 potori
1490 4359 1668 4434 άλεξικάκου
1691 4357 1783 4444 ὄντος,

433 4480 453 4551 δ
475 4481 649 4573 τριβόμενον
672 4478 737 4555 ὄξει
765 4481 816 4548 καί
839 4486 988 4550 δυσωδίαν
1018 4486 1154 4572 ἐπιφέρει
1178 4491 1222 4572 τῷ
1243 4489 1329 4551 τοῦτο
1351 4486 1490 4574 τρίβοντι.
1538 4485 1603 4551 Sed
1626 4482 1788 4550 reicienda

437 4607 565 4673 videtur
586 4604 667 4671 haec
689 4604 878 4692 explicatio:
920 4626 1016 4688 quam
1039 4606 1067 4671 si
1090 4606 1266 4690 sequimur,
1300 4607 1379 4689 quid
1406 4609 1498 4672 κινεῖν
1529 4606 1590 4671 οἱδὶ
1620 4605 1699 4669 velit
1724 4624 1788 4669 uon

438 4728 517 4794 satis
546 4725 694 4810 intellegi
722 4732 838 4811 potest.
884 4726 1011 4792 Insulsc
1042 4727 1177 4793 conficta
1207 4735 1281 4792 suut
1303 4749 1386 4811 quac
1408 4729 1441 4793 iu
1464 4727 1568 4793 lexico
1591 4724 1788 4792 Coislininuo

438 4848 605 4933 excipiunt
637 4847 736 4913 verba
767 4868 788 4912 a
823 4868 874 4913 me
909 4847 1087 4933 exscripta:
1136 4850 1164 4913 ol
1199 4848 1232 4912 δὲ
1265 4846 1355 4936 φασίν
1390 4845 1448 4914 ἀπὸ
1484 4848 1593 4935 ἱερείας
1626 4843 1704 4917 τινὸς
1737 4850 1790 4930 τῆς

432 4965 584 5055 Ἑκάτης,
618 4959 683 5055 ἥτις
710 4969 896 5033 ἐνθουσιῶσα
918 4969 970 5034 καί
994 4969 1202 5057 βακχευομένη
1225 4995 1261 5056 τη
1288 4972 1407 5056 δαίμονι
1429 4966 1547 5056 ἠπείλει
1569 4974 1690 5034 κινῦσαι
1713 4962 1789 5052 αἰτῇ

437 5087 486 5160 τὸν
520 5087 685 5178 άνάηυρον·
722 5088 773 5155 καί
807 5081 871 5175 ἅμα
902 5086 1099 5178 λαμβάνουσα
1129 5088 1197 5164 τυδς
1228 5093 1262 5156 ἐκ
1292 5097 1345 5157 τοδ
1373 5097 1467 5178 φυτοδ
1496 5087 1603 5178 λύγους
1632 5084 1789 5175 έμάστιζεν
