<?xml version="1.0" encoding="UTF-8"?>
<!DOCTYPE html PUBLIC "-//W3C//DTD XHTML 1.0 Transitional//EN"
    "http://www.w3.org/TR/xhtml1/DTD/xhtml1-transitional.dtd">
<html xmlns="http://www.w3.org/1999/xhtml" xml:lang="en" lang="en">
 <head>
  <title>
</title>
<meta http-equiv="Content-Type" content="text/html;charset=utf-8" />
  <meta name='ocr-system' content='tesseract 3.04.00' />
  <meta name='ocr-capabilities' content='ocr_page ocr_carea ocr_par ocr_line ocrx_word'/>
</head>
<body>
  <div class='ocr_page' id='page_1' title='image "./satvraphilologa00unkngoog_0037.png"; bbox 0 0 4206 6248; ppageno 0'>
   <div class='ocr_carea' id='block_1_1' title="bbox 464 628 1284 694">
    <p class='ocr_par' dir='ltr' id='par_1_1' title="bbox 464 628 1284 694">
     <span class='ocr_line' id='line_1_1' title="bbox 464 628 1284 694; baseline -0.006 -3"><span class='ocrx_word' id='word_1_1' title='bbox 464 628 506 694; x_wconf 79' lang='grc'>26</span> <span class='ocrx_word' id='word_1_2' title='bbox 990 632 1021 688; x_wconf 82' lang='lat' dir='ltr'>C.</span> <span class='ocrx_word' id='word_1_3' title='bbox 1042 631 1284 689; x_wconf 78' lang='lat' dir='ltr'>WAGHSMUTH</span> 
     </span>
    </p>
   </div>
   <div class='ocr_carea' id='block_1_2' title="bbox 465 815 1839 1031">
    <p class='ocr_par' dir='ltr' id='par_1_2' title="bbox 465 815 1839 1031">
     <span class='ocr_line' id='line_1_2' title="bbox 551 815 1839 912; baseline 0.002 -25"><span class='ocrx_word' id='word_1_4' title='bbox 551 819 594 887; x_wconf 88' lang='grc'>81</span> <span class='ocrx_word' id='word_1_5' title='bbox 619 815 735 887; x_wconf 85' lang='grc' dir='ltr'>Ταύτύν</span> <span class='ocrx_word' id='word_1_6' title='bbox 765 822 844 887; x_wconf 84' lang='grc' dir='ltr'>ἐστιν</span> <span class='ocrx_word' id='word_1_7' title='bbox 866 815 935 910; x_wconf 87' lang='grc' dir='ltr'>ὐφιν</span> <span class='ocrx_word' id='word_1_8' title='bbox 959 824 1113 911; x_wconf 79' lang='grc' dir='ltr'>ἐκτρέφειν</span> <span class='ocrx_word' id='word_1_9' title='bbox 1136 822 1187 888; x_wconf 80' lang='grc' dir='ltr'>καί</span> <span class='ocrx_word' id='word_1_10' title='bbox 1209 819 1339 910; x_wconf 79' lang='grc' dir='ltr'>πονηρὸν</span> <span class='ocrx_word' id='word_1_11' title='bbox 1362 819 1546 910; x_wconf 69' lang='grc' dir='ltr'>εὐεργετεῖν·</span> <span class='ocrx_word' id='word_1_12' title='bbox 1579 823 1732 911; x_wconf 83' lang='grc' dir='ltr'>ἑκατέροις</span> <span class='ocrx_word' id='word_1_13' title='bbox 1753 819 1810 912; x_wconf 80' lang='grc' dir='ltr'>γὰρ</span> <span class='ocrx_word' id='word_1_14' title='bbox 1837 824 1839 827; x_wconf 62' lang='grc'><em>’</em></span> 
     </span>
     <span class='ocr_line' id='line_1_3' title="bbox 465 934 918 1031; baseline 0 -24"><span class='ocrx_word' id='word_1_15' title='bbox 465 941 484 1028; x_wconf 81' lang='grc' dir='ltr'>ἡ</span> <span class='ocrx_word' id='word_1_16' title='bbox 507 937 596 1030; x_wconf 82' lang='grc' dir='ltr'>χάρις</span> <span class='ocrx_word' id='word_1_17' title='bbox 619 934 737 1009; x_wconf 87' lang='grc' dir='ltr'>εὐνοιον</span> <span class='ocrx_word' id='word_1_18' title='bbox 760 940 795 1008; x_wconf 91' lang='grc' dir='ltr'>οὐ</span> <span class='ocrx_word' id='word_1_19' title='bbox 818 949 918 1031; x_wconf 71' lang='grc' dir='ltr'>γεννᾷ.</span> 
     </span>
    </p>
   </div>
   <div class='ocr_carea' id='block_1_3' title="bbox 499 1063 1809 1224">
    <p class='ocr_par' dir='ltr' id='par_1_3' title="bbox 499 1063 1809 1224">
     <span class='ocr_line' id='line_1_4' title="bbox 499 1063 1808 1136; baseline 0.003 -18"><span class='ocrx_word' id='word_1_20' title='bbox 499 1087 530 1110; x_wconf 87' lang='lat'>=</span> <span class='ocrx_word' id='word_1_21' title='bbox 549 1064 625 1119; x_wconf 79' lang='lat' dir='ltr'><strong>Flor.</strong></span> <span class='ocrx_word' id='word_1_22' title='bbox 646 1064 719 1118; x_wconf 80' lang='lat' dir='ltr'><strong>Mon.</strong></span> <span class='ocrx_word' id='word_1_23' title='bbox 739 1066 781 1129; x_wconf 89' lang='grc'>51,</span> <span class='ocrx_word' id='word_1_24' title='bbox 802 1065 883 1121; x_wconf 67' lang='lat' dir='ltr'><strong>Laid.</strong></span> <span class='ocrx_word' id='word_1_25' title='bbox 904 1067 950 1128; x_wconf 83' lang='grc' dir='ltr'>51ς</span> <span class='ocrx_word' id='word_1_26' title='bbox 972 1064 1080 1121; x_wconf 86' lang='lat' dir='ltr'><strong>Anton.</strong></span> <span class='ocrx_word' id='word_1_27' title='bbox 1102 1067 1162 1121; x_wconf 80' lang='grc'><strong>129</strong></span> <span class='ocrx_word' id='word_1_28' title='bbox 1181 1083 1208 1136; x_wconf 88' lang='lat' dir='ltr'>p.</span> <span class='ocrx_word' id='word_1_29' title='bbox 1224 1067 1267 1129; x_wconf 84' lang='grc'><strong>36,</strong></span> <span class='ocrx_word' id='word_1_30' title='bbox 1282 1068 1331 1130; x_wconf 85' lang='grc'>88,</span> <span class='ocrx_word' id='word_1_31' title='bbox 1351 1063 1426 1120; x_wconf 83' lang='lat' dir='ltr'><strong>Max.</strong></span> <span class='ocrx_word' id='word_1_32' title='bbox 1446 1068 1462 1118; x_wconf 91' lang='lat'>8</span> <span class='ocrx_word' id='word_1_33' title='bbox 1480 1082 1508 1136; x_wconf 89' lang='lat' dir='ltr'>p.</span> <span class='ocrx_word' id='word_1_34' title='bbox 1526 1066 1583 1129; x_wconf 89' lang='grc'><strong>195,</strong></span> <span class='ocrx_word' id='word_1_35' title='bbox 1599 1066 1631 1117; x_wconf 82' lang='grc'>22</span> <span class='ocrx_word' id='word_1_36' title='bbox 1650 1064 1728 1128; x_wconf 73' lang='lat' dir='ltr'><strong>Rip..</strong></span> <span class='ocrx_word' id='word_1_37' title='bbox 1748 1065 1808 1122; x_wconf 86' lang='lat' dir='ltr'><strong>flor.</strong></span> 
     </span>
     <span class='ocr_line' id='line_1_5' title="bbox 551 1150 1809 1224; baseline -0.001 -18"><span class='ocrx_word' id='word_1_38' title='bbox 551 1153 633 1206; x_wconf 79' lang='lat' dir='ltr'><strong>Laut.</strong></span> <span class='ocrx_word' id='word_1_39' title='bbox 653 1168 680 1222; x_wconf 89' lang='lat' dir='ltr'>p.</span> <span class='ocrx_word' id='word_1_40' title='bbox 703 1152 761 1214; x_wconf 80' lang='grc'><strong>181,</strong></span> <span class='ocrx_word' id='word_1_41' title='bbox 782 1152 814 1204; x_wconf 84' lang='lat'>28</span> <span class='ocrx_word' id='word_1_42' title='bbox 832 1151 916 1206; x_wconf 80' lang='lat' dir='ltr'><strong>Mein.</strong></span> <span class='ocrx_word' id='word_1_43' title='bbox 940 1157 993 1216; x_wconf 88' lang='grc' dir='ltr'>(τού</span> <span class='ocrx_word' id='word_1_44' title='bbox 1013 1152 1090 1206; x_wconf 76' lang='grc' dir='ltr'>αὐτοῦ</span> <span class='ocrx_word' id='word_1_45' title='bbox 1109 1154 1128 1207; x_wconf 88' lang='lat' dir='ltr'>i.</span> <span class='ocrx_word' id='word_1_46' title='bbox 1143 1168 1168 1208; x_wconf 80' lang='lat' dir='ltr'>e.</span> <span class='ocrx_word' id='word_1_47' title='bbox 1191 1150 1372 1224; x_wconf 80' lang='grc' dir='ltr'>Σωκράτους)ς</span> <span class='ocrx_word' id='word_1_48' title='bbox 1393 1152 1553 1223; x_wconf 76' lang='lat' dir='ltr'><strong>Demophil.</strong></span> <span class='ocrx_word' id='word_1_49' title='bbox 1569 1151 1652 1207; x_wconf 76' lang='lat' dir='ltr'><strong>simil.</strong></span> <span class='ocrx_word' id='word_1_50' title='bbox 1667 1152 1751 1224; x_wconf 86' lang='lat' dir='ltr'><strong>Pyth.</strong></span> <span class='ocrx_word' id='word_1_51' title='bbox 1767 1156 1809 1206; x_wconf 90' lang='grc'>55.</span> 
     </span>
    </p>
   </div>
   <div class='ocr_carea' id='block_1_4' title="bbox 551 1303 1754 1396">
    <p class='ocr_par' dir='ltr' id='par_1_4' title="bbox 551 1303 1754 1396">
     <span class='ocr_line' id='line_1_6' title="bbox 551 1303 1754 1396; baseline -0.001 -21"><span class='ocrx_word' id='word_1_52' title='bbox 551 1306 595 1375; x_wconf 77' lang='grc'>82</span> <span class='ocrx_word' id='word_1_53' title='bbox 615 1304 664 1374; x_wconf 84' lang='grc' dir='ltr'>Ἐν</span> <span class='ocrx_word' id='word_1_54' title='bbox 688 1306 741 1394; x_wconf 81' lang='grc' dir='ltr'>μὲν</span> <span class='ocrx_word' id='word_1_55' title='bbox 762 1308 824 1381; x_wconf 85' lang='grc' dir='ltr'>τοῖς</span> <span class='ocrx_word' id='word_1_56' title='bbox 848 1307 939 1395; x_wconf 89' lang='grc' dir='ltr'>ίεροῖς</span> <span class='ocrx_word' id='word_1_57' title='bbox 962 1303 1107 1396; x_wconf 73' lang='grc' dir='ltr'>εὐσεβεῖν,</span> <span class='ocrx_word' id='word_1_58' title='bbox 1133 1310 1164 1375; x_wconf 82' lang='grc' dir='ltr'>ἐν</span> <span class='ocrx_word' id='word_1_59' title='bbox 1188 1307 1221 1374; x_wconf 80' lang='grc' dir='ltr'>δὲ</span> <span class='ocrx_word' id='word_1_60' title='bbox 1243 1309 1308 1383; x_wconf 88' lang='grc' dir='ltr'>ταῖς</span> <span class='ocrx_word' id='word_1_61' title='bbox 1331 1303 1485 1396; x_wconf 78' lang='grc' dir='ltr'>εὐτυχίαις</span> <span class='ocrx_word' id='word_1_62' title='bbox 1508 1303 1675 1395; x_wconf 76' lang='grc' dir='ltr'>εὐεργετεῖν</span> <span class='ocrx_word' id='word_1_63' title='bbox 1697 1310 1754 1374; x_wconf 86' lang='grc' dir='ltr'>δεῖ.</span> 
     </span>
    </p>
   </div>
   <div class='ocr_carea' id='block_1_5' title="bbox 465 1475 1812 1689">
    <p class='ocr_par' dir='ltr' id='par_1_5' title="bbox 465 1475 1812 1689">
     <span class='ocr_line' id='line_1_7' title="bbox 551 1475 1812 1570; baseline 0 -24"><span class='ocrx_word' id='word_1_64' title='bbox 551 1479 596 1546; x_wconf 81' lang='grc'>88</span> <span class='ocrx_word' id='word_1_65' title='bbox 613 1477 647 1548; x_wconf 89' lang='grc' dir='ltr'>Ὁ</span> <span class='ocrx_word' id='word_1_66' title='bbox 681 1478 722 1568; x_wconf 77' lang='grc' dir='ltr'>μὴ</span> <span class='ocrx_word' id='word_1_67' title='bbox 756 1477 920 1568; x_wconf 79' lang='grc' dir='ltr'>δυνάμενος</span> <span class='ocrx_word' id='word_1_68' title='bbox 952 1483 1096 1568; x_wconf 77' lang='grc' dir='ltr'>γενναίως</span> <span class='ocrx_word' id='word_1_69' title='bbox 1131 1481 1261 1570; x_wconf 80' lang='grc' dir='ltr'>ἐνεγκεῖν</span> <span class='ocrx_word' id='word_1_70' title='bbox 1288 1476 1413 1570; x_wconf 78' lang='grc' dir='ltr'>ἀτυχίαν</span> <span class='ocrx_word' id='word_1_71' title='bbox 1442 1477 1478 1548; x_wconf 91' lang='grc' dir='ltr'>οὐ</span> <span class='ocrx_word' id='word_1_72' title='bbox 1508 1475 1634 1548; x_wconf 86' lang='grc' dir='ltr'>δύναται</span> <span class='ocrx_word' id='word_1_73' title='bbox 1657 1482 1812 1557; x_wconf 78' lang='grc' dir='ltr'>ἐπιδεξίως</span> 
     </span>
     <span class='ocr_line' id='line_1_8' title="bbox 465 1597 771 1689; baseline 0.003 -23"><span class='ocrx_word' id='word_1_74' title='bbox 465 1604 595 1688; x_wconf 81' lang='grc' dir='ltr'>ἐνεγκεῖν</span> <span class='ocrx_word' id='word_1_75' title='bbox 618 1597 771 1689; x_wconf 89' lang='grc' dir='ltr'>εὐτυχίαν.</span> 
     </span>
    </p>
   </div>
   <div class='ocr_carea' id='block_1_6' title="bbox 501 1721 1811 1882">
    <p class='ocr_par' dir='ltr' id='par_1_6' title="bbox 501 1721 1811 1891">
     <span class='ocr_line' id='line_1_9' title="bbox 501 1721 1811 1796; baseline 0.002 -18"><span class='ocrx_word' id='word_1_76' title='bbox 501 1746 533 1770; x_wconf 88' lang='lat'>=</span> <span class='ocrx_word' id='word_1_77' title='bbox 551 1724 627 1778; x_wconf 83' lang='lat' dir='ltr'><strong>Flor.</strong></span> <span class='ocrx_word' id='word_1_78' title='bbox 648 1724 722 1779; x_wconf 82' lang='lat' dir='ltr'><strong>Mon.</strong></span> <span class='ocrx_word' id='word_1_79' title='bbox 743 1725 785 1787; x_wconf 79' lang='lat'>52,</span> <span class='ocrx_word' id='word_1_80' title='bbox 806 1723 887 1778; x_wconf 82' lang='lat' dir='ltr'><strong>Leid.</strong></span> <span class='ocrx_word' id='word_1_81' title='bbox 908 1724 949 1775; x_wconf 79' lang='lat'>52.</span> <span class='ocrx_word' id='word_1_82' title='bbox 980 1721 1024 1779; x_wconf 80' lang='lat' dir='ltr'>Cf.</span> <span class='ocrx_word' id='word_1_83' title='bbox 1044 1723 1247 1780; x_wconf 77' lang='lat' dir='ltr'>Demosthenis</span> <span class='ocrx_word' id='word_1_84' title='bbox 1264 1724 1325 1779; x_wconf 87' lang='grc' dir='ltr'>εἰνο</span> <span class='ocrx_word' id='word_1_85' title='bbox 1342 1723 1483 1780; x_wconf 79' lang='lat' dir='ltr'><strong>Demetrii</strong></span> <span class='ocrx_word' id='word_1_86' title='bbox 1500 1723 1581 1780; x_wconf 76' lang='lat' dir='ltr'><strong>Phal.</strong></span> <span class='ocrx_word' id='word_1_87' title='bbox 1601 1724 1811 1796; x_wconf 74' lang='lat' dir='ltr'><strong>apophthegm</strong></span> 
     </span>
     <span class='ocr_line' id='line_1_10' title="bbox 550 1804 1419 1882; baseline -0.001 -16"><span class='ocrx_word' id='word_1_88' title='bbox 550 1811 626 1882; x_wconf 77' lang='lat' dir='ltr'><strong>apud</strong></span> <span class='ocrx_word' id='word_1_89' title='bbox 643 1804 747 1866; x_wconf 82' lang='lat' dir='ltr'><strong>Anton.</strong></span> <span class='ocrx_word' id='word_1_90' title='bbox 769 1812 782 1865; x_wconf 93' lang='grc' dir='ltr'>Ι</span> <span class='ocrx_word' id='word_1_91' title='bbox 801 1812 834 1861; x_wconf 79' lang='grc'><strong>10</strong></span> <span class='ocrx_word' id='word_1_92' title='bbox 852 1827 879 1880; x_wconf 90' lang='lat' dir='ltr'>p.</span> <span class='ocrx_word' id='word_1_93' title='bbox 900 1812 942 1871; x_wconf 78' lang='grc'>10,</span> <span class='ocrx_word' id='word_1_94' title='bbox 963 1811 996 1861; x_wconf 78' lang='grc'><strong>14</strong></span> <span class='ocrx_word' id='word_1_95' title='bbox 1015 1816 1045 1866; x_wconf 79' lang='grc' dir='ltr'>οι</span> <span class='ocrx_word' id='word_1_96' title='bbox 1062 1809 1174 1865; x_wconf 77' lang='lat' dir='ltr'><strong>Maxim.</strong></span> <span class='ocrx_word' id='word_1_97' title='bbox 1199 1811 1229 1862; x_wconf 91' lang='grc'>18</span> <span class='ocrx_word' id='word_1_98' title='bbox 1247 1827 1274 1881; x_wconf 89' lang='lat' dir='ltr'>p.</span> <span class='ocrx_word' id='word_1_99' title='bbox 1296 1812 1356 1875; x_wconf 87' lang='grc'><strong>590,</strong></span> <span class='ocrx_word' id='word_1_100' title='bbox 1377 1811 1419 1865; x_wconf 82' lang='grc'>33.</span> 
     </span>
    </p>
   </div>
   <div class='ocr_carea' id='block_1_7' title="bbox 464 1958 1812 2295">
    <p class='ocr_par' dir='ltr' id='par_1_7' title="bbox 464 1958 1812 2295">
     <span class='ocr_line' id='line_1_11' title="bbox 550 1958 1809 2055; baseline 0 -21"><span class='ocrx_word' id='word_1_101' title='bbox 550 1965 596 2034; x_wconf 82' lang='grc'>84</span> <span class='ocrx_word' id='word_1_102' title='bbox 610 1958 725 2054; x_wconf 82' lang='grc' dir='ltr'>Ὥσπερ</span> <span class='ocrx_word' id='word_1_103' title='bbox 739 1967 777 2030; x_wconf 87' lang='grc' dir='ltr'>οἱ</span> <span class='ocrx_word' id='word_1_104' title='bbox 799 1967 830 2030; x_wconf 83' lang='grc' dir='ltr'>ἐν</span> <span class='ocrx_word' id='word_1_105' title='bbox 853 1961 939 2052; x_wconf 75' lang='grc' dir='ltr'>εὐδίᾳ</span> <span class='ocrx_word' id='word_1_106' title='bbox 959 1965 1099 2040; x_wconf 82' lang='grc' dir='ltr'>πλέοντες</span> <span class='ocrx_word' id='word_1_107' title='bbox 1121 1965 1173 2032; x_wconf 88' lang='grc' dir='ltr'>καί</span> <span class='ocrx_word' id='word_1_108' title='bbox 1195 1962 1233 2031; x_wconf 84' lang='grc' dir='ltr'>τὰ</span> <span class='ocrx_word' id='word_1_109' title='bbox 1250 1962 1324 2054; x_wconf 80' lang='grc' dir='ltr'>πρὸς</span> <span class='ocrx_word' id='word_1_110' title='bbox 1337 1964 1386 2033; x_wconf 79' lang='grc' dir='ltr'>τὸν</span> <span class='ocrx_word' id='word_1_111' title='bbox 1401 1972 1540 2054; x_wconf 83' lang='grc' dir='ltr'>χειμῶνα</span> <span class='ocrx_word' id='word_1_112' title='bbox 1554 1966 1676 2054; x_wconf 83' lang='grc' dir='ltr'>ἔχουσιν</span> <span class='ocrx_word' id='word_1_113' title='bbox 1691 1969 1809 2055; x_wconf 83' lang='grc' dir='ltr'>ἕτοιμα,</span> 
     </span>
     <span class='ocr_line' id='line_1_12' title="bbox 464 2082 1812 2178; baseline 0.002 -25"><span class='ocrx_word' id='word_1_114' title='bbox 464 2082 558 2162; x_wconf 86' lang='grc' dir='ltr'>οὐτως</span> <span class='ocrx_word' id='word_1_115' title='bbox 581 2090 610 2153; x_wconf 85' lang='grc' dir='ltr'>οἱ</span> <span class='ocrx_word' id='word_1_116' title='bbox 632 2089 664 2153; x_wconf 84' lang='grc' dir='ltr'>ἐν</span> <span class='ocrx_word' id='word_1_117' title='bbox 687 2083 841 2174; x_wconf 81' lang='grc' dir='ltr'>εὐτυχίαις</span> <span class='ocrx_word' id='word_1_118' title='bbox 863 2091 1041 2174; x_wconf 78' lang='grc' dir='ltr'>φρονοῦντες</span> <span class='ocrx_word' id='word_1_119' title='bbox 1063 2085 1116 2153; x_wconf 86' lang='grc' dir='ltr'>καί</span> <span class='ocrx_word' id='word_1_120' title='bbox 1137 2083 1174 2153; x_wconf 79' lang='grc' dir='ltr'>τὰ</span> <span class='ocrx_word' id='word_1_121' title='bbox 1195 2084 1269 2174; x_wconf 89' lang='grc' dir='ltr'>πρὸς</span> <span class='ocrx_word' id='word_1_122' title='bbox 1291 2083 1344 2173; x_wconf 72' lang='grc' dir='ltr'>τὴν</span> <span class='ocrx_word' id='word_1_123' title='bbox 1367 2082 1494 2174; x_wconf 81' lang='grc' dir='ltr'>ἀτυχίαν</span> <span class='ocrx_word' id='word_1_124' title='bbox 1509 2085 1719 2174; x_wconf 71' lang='grc' dir='ltr'>ἑτοιμάζουσιν</span> <span class='ocrx_word' id='word_1_125' title='bbox 1737 2093 1812 2178; x_wconf 84' lang='grc' dir='ltr'>βοη-</span> 
     </span>
     <span class='ocr_line' id='line_1_13' title="bbox 466 2205 600 2295; baseline -0.015 -20"><span class='ocrx_word' id='word_1_126' title='bbox 466 2205 600 2295; x_wconf 75' lang='grc' dir='ltr'>ὐήματα.</span> 
     </span>
    </p>
   </div>
   <div class='ocr_carea' id='block_1_8' title="bbox 501 2327 1814 2573">
    <p class='ocr_par' dir='ltr' id='par_1_8' title="bbox 501 2327 1814 2573">
     <span class='ocr_line' id='line_1_14' title="bbox 501 2327 1813 2399; baseline 0.002 -14"><span class='ocrx_word' id='word_1_127' title='bbox 501 2330 788 2393; x_wconf 75' lang='grc' dir='ltr'><strong>--1“Ιοτ.111υο.58,</strong></span> <span class='ocrx_word' id='word_1_128' title='bbox 818 2330 900 2385; x_wconf 83' lang='lat' dir='ltr'><strong>Leid.</strong></span> <span class='ocrx_word' id='word_1_129' title='bbox 922 2331 969 2394; x_wconf 81' lang='lat'>533</span> <span class='ocrx_word' id='word_1_130' title='bbox 996 2327 1103 2385; x_wconf 81' lang='lat' dir='ltr'><strong>Anton.</strong></span> <span class='ocrx_word' id='word_1_131' title='bbox 1130 2328 1195 2382; x_wconf 85' lang='grc'>110</span> <span class='ocrx_word' id='word_1_132' title='bbox 1219 2345 1247 2399; x_wconf 90' lang='lat' dir='ltr'>p.</span> <span class='ocrx_word' id='word_1_133' title='bbox 1267 2329 1317 2392; x_wconf 89' lang='grc'>10,</span> <span class='ocrx_word' id='word_1_134' title='bbox 1336 2331 1368 2381; x_wconf 86' lang='grc'>23</span> <span class='ocrx_word' id='word_1_135' title='bbox 1387 2328 1473 2386; x_wconf 73' lang='lat' dir='ltr'><strong>Genu.</strong></span> <span class='ocrx_word' id='word_1_136' title='bbox 1505 2334 1550 2396; x_wconf 80' lang='lat' dir='ltr'>(ex</span> <span class='ocrx_word' id='word_1_137' title='bbox 1575 2331 1640 2386; x_wconf 84' lang='lat' dir='ltr'><strong>coll.</strong></span> <span class='ocrx_word' id='word_1_138' title='bbox 1667 2332 1813 2388; x_wconf 67' lang='lat' dir='ltr'><strong>Democh-</strong></span> 
     </span>
     <span class='ocr_line' id='line_1_15' title="bbox 549 2412 1814 2573; baseline 0.002 -103"><span class='ocrx_word' id='word_1_139' title='bbox 549 2414 852 2573; x_wconf 54' lang='grc' dir='ltr'>ἒρίρρρερρργομρκίιυ.</span> <span class='ocrx_word' id='word_1_140' title='bbox 875 2416 906 2466; x_wconf 88' lang='grc'>18</span> <span class='ocrx_word' id='word_1_141' title='bbox 924 2431 952 2485; x_wconf 86' lang='lat' dir='ltr'>p.</span> <span class='ocrx_word' id='word_1_142' title='bbox 973 2416 1033 2477; x_wconf 89' lang='grc'><strong>589,</strong></span> <span class='ocrx_word' id='word_1_143' title='bbox 1053 2413 1100 2478; x_wconf 77' lang='grc' dir='ltr'>2ος</span> <span class='ocrx_word' id='word_1_144' title='bbox 1122 2412 1283 2484; x_wconf 82' lang='lat' dir='ltr'><strong>Demophil.</strong></span> <span class='ocrx_word' id='word_1_145' title='bbox 1304 2415 1388 2470; x_wconf 81' lang='lat' dir='ltr'><strong>simil.</strong></span> <span class='ocrx_word' id='word_1_146' title='bbox 1408 2415 1493 2486; x_wconf 84' lang='lat' dir='ltr'><strong>Pyth.</strong></span> <span class='ocrx_word' id='word_1_147' title='bbox 1514 2417 1563 2483; x_wconf 75' lang='lat'>²⁴3</span> <span class='ocrx_word' id='word_1_148' title='bbox 1586 2415 1666 2473; x_wconf 84' lang='lat' dir='ltr'><strong>Stob.</strong></span> <span class='ocrx_word' id='word_1_149' title='bbox 1687 2416 1748 2473; x_wconf 84' lang='lat' dir='ltr'><strong>flor.</strong></span> <span class='ocrx_word' id='word_1_150' title='bbox 1769 2418 1814 2473; x_wconf 91' lang='lat'>111</span> 
     </span>
    </p>
   </div>
   <div class='ocr_carea' id='block_1_9' title="bbox 466 2651 1812 2867">
    <p class='ocr_par' dir='ltr' id='par_1_9' title="bbox 466 2651 1812 2867">
     <span class='ocr_line' id='line_1_16' title="bbox 551 2651 1812 2745; baseline -0.001 -19"><span class='ocrx_word' id='word_1_151' title='bbox 551 2658 596 2726; x_wconf 82' lang='grc'>85</span> <span class='ocrx_word' id='word_1_152' title='bbox 621 2657 672 2732; x_wconf 82' lang='grc' dir='ltr'>Εἰς</span> <span class='ocrx_word' id='word_1_153' title='bbox 702 2656 756 2744; x_wconf 80' lang='grc' dir='ltr'>μὲν</span> <span class='ocrx_word' id='word_1_154' title='bbox 783 2653 817 2722; x_wconf 80' lang='grc' dir='ltr'>τὸ</span> <span class='ocrx_word' id='word_1_155' title='bbox 846 2651 1014 2743; x_wconf 76' lang='grc' dir='ltr'>εὐπλοῆσαι</span> <span class='ocrx_word' id='word_1_156' title='bbox 1035 2652 1216 2745; x_wconf 77' lang='grc' dir='ltr'>κυβερνήτου</span> <span class='ocrx_word' id='word_1_157' title='bbox 1239 2653 1290 2722; x_wconf 83' lang='grc' dir='ltr'>καί</span> <span class='ocrx_word' id='word_1_158' title='bbox 1311 2653 1497 2744; x_wconf 85' lang='grc' dir='ltr'>πνεύματος,</span> <span class='ocrx_word' id='word_1_159' title='bbox 1529 2660 1571 2732; x_wconf 91' lang='grc' dir='ltr'>είς</span> <span class='ocrx_word' id='word_1_160' title='bbox 1595 2657 1629 2724; x_wconf 82' lang='grc' dir='ltr'>δὲ</span> <span class='ocrx_word' id='word_1_161' title='bbox 1650 2655 1683 2724; x_wconf 84' lang='grc' dir='ltr'>τὸ</span> <span class='ocrx_word' id='word_1_162' title='bbox 1707 2655 1812 2725; x_wconf 90' lang='grc' dir='ltr'>εὐδαι-</span> 
     </span>
     <span class='ocr_line' id='line_1_17' title="bbox 466 2774 1074 2867; baseline -0.005 -21"><span class='ocrx_word' id='word_1_163' title='bbox 466 2786 596 2866; x_wconf 73' lang='grc' dir='ltr'>μονῇσοιι</span> <span class='ocrx_word' id='word_1_164' title='bbox 618 2783 761 2867; x_wconf 80' lang='grc' dir='ltr'>λογισμοῦ</span> <span class='ocrx_word' id='word_1_165' title='bbox 783 2777 835 2844; x_wconf 82' lang='grc' dir='ltr'>καί</span> <span class='ocrx_word' id='word_1_166' title='bbox 856 2774 951 2867; x_wconf 82' lang='grc' dir='ltr'>τύχης</span> <span class='ocrx_word' id='word_1_167' title='bbox 972 2778 1074 2867; x_wconf 85' lang='grc' dir='ltr'>χρεία.</span> 
     </span>
    </p>
   </div>
   <div class='ocr_carea' id='block_1_10' title="bbox 500 2899 1812 3060">
    <p class='ocr_par' dir='ltr' id='par_1_10' title="bbox 500 2899 1812 3060">
     <span class='ocr_line' id='line_1_18' title="bbox 500 2899 1812 2972; baseline -0.002 -15"><span class='ocrx_word' id='word_1_168' title='bbox 500 2925 532 2948; x_wconf 91' lang='lat'>=</span> <span class='ocrx_word' id='word_1_169' title='bbox 550 2901 656 2957; x_wconf 77' lang='lat' dir='ltr'><strong>Anton.</strong></span> <span class='ocrx_word' id='word_1_170' title='bbox 676 2900 690 2955; x_wconf 96' lang='lat'>1</span> <span class='ocrx_word' id='word_1_171' title='bbox 709 2903 742 2954; x_wconf 83' lang='grc'><strong>10</strong></span> <span class='ocrx_word' id='word_1_172' title='bbox 758 2919 786 2972; x_wconf 88' lang='lat' dir='ltr'>p.</span> <span class='ocrx_word' id='word_1_173' title='bbox 807 2903 850 2965; x_wconf 79' lang='lat'>71,</span> <span class='ocrx_word' id='word_1_174' title='bbox 873 2901 884 2953; x_wconf 92' lang='lat' dir='ltr'>l</span> <span class='ocrx_word' id='word_1_175' title='bbox 907 2904 952 2965; x_wconf 80' lang='lat' dir='ltr'>(ex</span> <span class='ocrx_word' id='word_1_176' title='bbox 970 2900 1035 2955; x_wconf 85' lang='lat' dir='ltr'><strong>coll.</strong></span> <span class='ocrx_word' id='word_1_177' title='bbox 1056 2899 1388 2969; x_wconf 71' lang='lat' dir='ltr'><strong>Democr.·Epictetoa],</strong></span> <span class='ocrx_word' id='word_1_178' title='bbox 1417 2899 1530 2955; x_wconf 79' lang='lat' dir='ltr'><strong>Maxim.</strong></span> <span class='ocrx_word' id='word_1_179' title='bbox 1555 2903 1584 2953; x_wconf 92' lang='grc'>18</span> <span class='ocrx_word' id='word_1_180' title='bbox 1602 2919 1630 2971; x_wconf 82' lang='lat' dir='ltr'>p:</span> <span class='ocrx_word' id='word_1_181' title='bbox 1651 2903 1709 2963; x_wconf 84' lang='grc'><strong>591,</strong></span> <span class='ocrx_word' id='word_1_182' title='bbox 1734 2904 1743 2954; x_wconf 95' lang='grc'><strong>1</strong></span> <span class='ocrx_word' id='word_1_183' title='bbox 1773 2903 1812 2966; x_wconf 79' lang='grc' dir='ltr'>(ἐκ</span> 
     </span>
     <span class='ocr_line' id='line_1_19' title="bbox 549 2979 1494 3060; baseline -0.001 -18"><span class='ocrx_word' id='word_1_184' title='bbox 549 2997 601 3042; x_wconf 82' lang='grc' dir='ltr'>τῶν</span> <span class='ocrx_word' id='word_1_185' title='bbox 619 2983 773 3060; x_wconf 78' lang='grc' dir='ltr'>Ἐπικτήτου</span> <span class='ocrx_word' id='word_1_186' title='bbox 791 2987 836 3040; x_wconf 83' lang='grc' dir='ltr'>καί</span> <span class='ocrx_word' id='word_1_187' title='bbox 851 2979 1039 3060; x_wconf 76' lang='grc' dir='ltr'>Ἰσοκράτους1ς</span> <span class='ocrx_word' id='word_1_188' title='bbox 1060 2986 1220 3057; x_wconf 77' lang='grc' dir='ltr'>Βοωομλιίλ</span> <span class='ocrx_word' id='word_1_189' title='bbox 1241 2986 1325 3042; x_wconf 73' lang='lat' dir='ltr'><strong>simil.</strong></span> <span class='ocrx_word' id='word_1_190' title='bbox 1345 2986 1430 3059; x_wconf 84' lang='lat' dir='ltr'><strong>Pyth.</strong></span> <span class='ocrx_word' id='word_1_191' title='bbox 1450 2989 1494 3041; x_wconf 77' lang='lat'><strong>«13.</strong></span> 
     </span>
    </p>
   </div>
   <div class='ocr_carea' id='block_1_11' title="bbox 500 3133 1383 3336">
    <p class='ocr_par' dir='ltr' id='par_1_11' title="bbox 500 3133 1383 3336">
     <span class='ocr_line' id='line_1_20' title="bbox 553 3133 1383 3232; baseline -0.008 -20"><span class='ocrx_word' id='word_1_192' title='bbox 553 3144 598 3212; x_wconf 86' lang='grc'>86</span> <span class='ocrx_word' id='word_1_193' title='bbox 620 3142 682 3231; x_wconf 79' lang='grc' dir='ltr'>Τῆς</span> <span class='ocrx_word' id='word_1_194' title='bbox 704 3139 844 3231; x_wconf 89' lang='grc' dir='ltr'>εὐτυχίας</span> <span class='ocrx_word' id='word_1_195' title='bbox 867 3133 968 3231; x_wconf 82' lang='grc' dir='ltr'>ὥσπερ</span> <span class='ocrx_word' id='word_1_196' title='bbox 990 3138 1111 3232; x_wconf 79' lang='grc' dir='ltr'>ὀπώρας</span> <span class='ocrx_word' id='word_1_197' title='bbox 1132 3143 1179 3207; x_wconf 88' lang='grc' dir='ltr'>δεῖ</span> <span class='ocrx_word' id='word_1_198' title='bbox 1200 3136 1383 3208; x_wconf 77' lang='grc' dir='ltr'>ἀπολαῦσαι.</span> 
     </span>
     <span class='ocr_line' id='line_1_21' title="bbox 500 3265 889 3336; baseline -0.013 -15"><span class='ocrx_word' id='word_1_199' title='bbox 500 3290 532 3313; x_wconf 87' lang='grc'>--</span> <span class='ocrx_word' id='word_1_200' title='bbox 551 3265 664 3321; x_wconf 80' lang='lat' dir='ltr'><strong>Maxim.</strong></span> <span class='ocrx_word' id='word_1_201' title='bbox 688 3268 717 3318; x_wconf 92' lang='grc'>18</span> <span class='ocrx_word' id='word_1_202' title='bbox 734 3283 763 3336; x_wconf 92' lang='lat' dir='ltr'>p.</span> <span class='ocrx_word' id='word_1_203' title='bbox 784 3266 843 3327; x_wconf 85' lang='grc'><strong>591,</strong></span> <span class='ocrx_word' id='word_1_204' title='bbox 864 3267 889 3317; x_wconf 85' lang='grc'><strong>1.</strong></span> 
     </span>
    </p>
   </div>
   <div class='ocr_carea' id='block_1_12' title="bbox 464 3411 1812 3631">
    <p class='ocr_par' dir='ltr' id='par_1_12' title="bbox 464 3411 1812 3631">
     <span class='ocr_line' id='line_1_22' title="bbox 551 3411 1812 3508; baseline -0.004 -19"><span class='ocrx_word' id='word_1_205' title='bbox 551 3422 595 3489; x_wconf 78' lang='grc'>87</span> <span class='ocrx_word' id='word_1_206' title='bbox 621 3418 714 3486; x_wconf 82' lang='grc' dir='ltr'>Μάύε</span> <span class='ocrx_word' id='word_1_207' title='bbox 743 3421 891 3508; x_wconf 75' lang='grc' dir='ltr'>δέχεσθαι</span> <span class='ocrx_word' id='word_1_208' title='bbox 920 3411 1083 3508; x_wconf 82' lang='grc' dir='ltr'>ὐύορύβιυς</span> <span class='ocrx_word' id='word_1_209' title='bbox 1112 3415 1150 3485; x_wconf 85' lang='grc' dir='ltr'>τὰ</span> <span class='ocrx_word' id='word_1_210' title='bbox 1170 3414 1255 3506; x_wconf 76' lang='grc' dir='ltr'>παρὰ</span> <span class='ocrx_word' id='word_1_211' title='bbox 1276 3422 1329 3506; x_wconf 77' lang='grc' dir='ltr'>τῆς</span> <span class='ocrx_word' id='word_1_212' title='bbox 1350 3415 1444 3507; x_wconf 77' lang='grc' dir='ltr'>τύχης</span> <span class='ocrx_word' id='word_1_213' title='bbox 1467 3423 1613 3486; x_wconf 82' lang='grc' dir='ltr'>δοκοῦντα</span> <span class='ocrx_word' id='word_1_214' title='bbox 1636 3416 1739 3507; x_wconf 82' lang='grc' dir='ltr'>αἰγαδὰ</span> <span class='ocrx_word' id='word_1_215' title='bbox 1762 3418 1812 3485; x_wconf 86' lang='grc' dir='ltr'>καί</span> 
     </span>
     <span class='ocr_line' id='line_1_23' title="bbox 464 3535 1812 3631; baseline -0.002 -21"><span class='ocrx_word' id='word_1_216' title='bbox 464 3539 644 3631; x_wconf 76' lang='grc' dir='ltr'>πεφράχθαι</span> <span class='ocrx_word' id='word_1_217' title='bbox 664 3539 737 3629; x_wconf 87' lang='grc' dir='ltr'>πρὸς</span> <span class='ocrx_word' id='word_1_218' title='bbox 760 3537 797 3607; x_wconf 82' lang='grc' dir='ltr'>τὰ</span> <span class='ocrx_word' id='word_1_219' title='bbox 818 3542 894 3628; x_wconf 76' lang='grc' dir='ltr'>παρ’</span> <span class='ocrx_word' id='word_1_220' title='bbox 920 3537 1012 3627; x_wconf 74' lang='grc' dir='ltr'>αὐτῆς</span> <span class='ocrx_word' id='word_1_221' title='bbox 1034 3535 1130 3606; x_wconf 79' lang='grc' dir='ltr'>κακά·</span> <span class='ocrx_word' id='word_1_222' title='bbox 1155 3535 1307 3629; x_wconf 78' lang='grc' dir='ltr'>ἐφήμερον</span> <span class='ocrx_word' id='word_1_223' title='bbox 1329 3537 1387 3627; x_wconf 83' lang='grc' dir='ltr'>γὰρ</span> <span class='ocrx_word' id='word_1_224' title='bbox 1409 3537 1443 3606; x_wconf 86' lang='grc' dir='ltr'>τὸ</span> <span class='ocrx_word' id='word_1_225' title='bbox 1464 3546 1598 3607; x_wconf 80' lang='grc' dir='ltr'>τοιοῦτον</span> <span class='ocrx_word' id='word_1_226' title='bbox 1621 3537 1738 3626; x_wconf 81' lang='grc' dir='ltr'>ὐγαίλύν</span> <span class='ocrx_word' id='word_1_227' title='bbox 1760 3540 1812 3607; x_wconf 85' lang='grc' dir='ltr'>καί</span> 
     </span>
    </p>
   </div>
   <div class='ocr_carea' id='block_1_13' title="bbox 465 3657 1172 3752">
    <p class='ocr_par' dir='ltr' id='par_1_13' title="bbox 465 3657 1172 3752">
     <span class='ocr_line' id='line_1_24' title="bbox 465 3657 1172 3752; baseline -0.007 -21"><span class='ocrx_word' id='word_1_228' title='bbox 465 3660 568 3746; x_wconf 86' lang='grc' dir='ltr'>κακόν,</span> <span class='ocrx_word' id='word_1_229' title='bbox 593 3663 686 3752; x_wconf 91' lang='grc' dir='ltr'>σοφία</span> <span class='ocrx_word' id='word_1_230' title='bbox 708 3663 742 3728; x_wconf 84' lang='grc' dir='ltr'>δὲ</span> <span class='ocrx_word' id='word_1_231' title='bbox 764 3658 902 3748; x_wconf 78' lang='grc' dir='ltr'>οὐδαμῶς</span> <span class='ocrx_word' id='word_1_232' title='bbox 924 3657 1001 3750; x_wconf 77' lang='grc' dir='ltr'>τύχφ</span> <span class='ocrx_word' id='word_1_233' title='bbox 1024 3663 1172 3727; x_wconf 84' lang='grc' dir='ltr'>κοινωνεῖ.</span> 
     </span>
    </p>
   </div>
   <div class='ocr_carea' id='block_1_14' title="bbox 500 3829 1807 4030">
    <p class='ocr_par' dir='ltr' id='par_1_14' title="bbox 500 3829 1807 4030">
     <span class='ocr_line' id='line_1_25' title="bbox 552 3829 1807 3923; baseline -0.004 -17"><span class='ocrx_word' id='word_1_234' title='bbox 552 3838 597 3906; x_wconf 89' lang='grc'>88</span> <span class='ocrx_word' id='word_1_235' title='bbox 619 3833 678 3903; x_wconf 79' lang='grc' dir='ltr'>Τὸν</span> <span class='ocrx_word' id='word_1_236' title='bbox 694 3831 836 3923; x_wconf 84' lang='grc' dir='ltr'>λογισμὸν</span> <span class='ocrx_word' id='word_1_237' title='bbox 853 3829 952 3923; x_wconf 79' lang='grc' dir='ltr'>ὥσπερ</span> <span class='ocrx_word' id='word_1_238' title='bbox 969 3829 1070 3923; x_wconf 86' lang='grc' dir='ltr'>ίατρὸν</span> <span class='ocrx_word' id='word_1_239' title='bbox 1087 3829 1202 3921; x_wconf 83' lang='grc' dir='ltr'>οῖγαύὸν</span> <span class='ocrx_word' id='word_1_240' title='bbox 1219 3835 1431 3900; x_wconf 76' lang='grc' dir='ltr'>ἐπικαλεῖσθαι</span> <span class='ocrx_word' id='word_1_241' title='bbox 1446 3835 1493 3900; x_wconf 88' lang='grc' dir='ltr'>δεῖ</span> <span class='ocrx_word' id='word_1_242' title='bbox 1507 3835 1539 3900; x_wconf 84' lang='grc' dir='ltr'>ἐν</span> <span class='ocrx_word' id='word_1_243' title='bbox 1556 3831 1666 3922; x_wconf 76' lang='grc' dir='ltr'>ἀτυχία</span> <span class='ocrx_word' id='word_1_244' title='bbox 1682 3831 1807 3922; x_wconf 81' lang='grc' dir='ltr'>βοηύὐν.</span> 
     </span>
     <span class='ocr_line' id='line_1_26' title="bbox 500 3955 1278 4030; baseline -0.005 -17"><span class='ocrx_word' id='word_1_245' title='bbox 500 3983 532 4006; x_wconf 93' lang='lat'>=</span> <span class='ocrx_word' id='word_1_246' title='bbox 551 3957 655 4015; x_wconf 74' lang='grc' dir='ltr'>Αυουιι.</span> <span class='ocrx_word' id='word_1_247' title='bbox 676 3957 690 4013; x_wconf 96' lang='grc'><strong>1</strong></span> <span class='ocrx_word' id='word_1_248' title='bbox 708 3961 741 4010; x_wconf 81' lang='grc'>70</span> <span class='ocrx_word' id='word_1_249' title='bbox 758 3975 786 4030; x_wconf 87' lang='lat' dir='ltr'>p.</span> <span class='ocrx_word' id='word_1_250' title='bbox 808 3959 849 4021; x_wconf 85' lang='grc'>11,</span> <span class='ocrx_word' id='word_1_251' title='bbox 871 3959 899 4020; x_wconf 73' lang='grc' dir='ltr'>3ς</span> <span class='ocrx_word' id='word_1_252' title='bbox 922 3955 1034 4012; x_wconf 78' lang='lat' dir='ltr'><strong>Maxim.</strong></span> <span class='ocrx_word' id='word_1_253' title='bbox 1057 3956 1088 4008; x_wconf 93' lang='grc'>18</span> <span class='ocrx_word' id='word_1_254' title='bbox 1105 3972 1134 4027; x_wconf 89' lang='lat' dir='ltr'>p.</span> <span class='ocrx_word' id='word_1_255' title='bbox 1155 3958 1214 4022; x_wconf 88' lang='grc'><strong>590,</strong></span> <span class='ocrx_word' id='word_1_256' title='bbox 1235 3959 1278 4009; x_wconf 86' lang='grc'><strong>10.</strong></span> 
     </span>
    </p>
   </div>
   <div class='ocr_carea' id='block_1_15' title="bbox 568 4214 966 4276">
    <p class='ocr_par' dir='ltr' id='par_1_15' title="bbox 568 4214 966 4276">
     <span class='ocr_line' id='line_1_27' title="bbox 568 4214 966 4276; baseline -0.013 0"><span class='ocrx_word' id='word_1_257' title='bbox 568 4214 790 4276; x_wconf 78' lang='lat' dir='ltr'><strong>ADNOTATIO</strong></span> <span class='ocrx_word' id='word_1_258' title='bbox 808 4215 966 4274; x_wconf 75' lang='lat' dir='ltr'>csslTch</span> 
     </span>
    </p>
   </div>
   <div class='ocr_carea' id='block_1_16' title="bbox 462 4319 1814 5173">
    <p class='ocr_par' dir='ltr' id='par_1_16' title="bbox 463 4319 1814 4656">
     <span class='ocr_line' id='line_1_28' title="bbox 535 4319 1814 4393; baseline -0.002 -16"><span class='ocrx_word' id='word_1_259' title='bbox 535 4323 571 4378; x_wconf 94' lang='grc'>81</span> <span class='ocrx_word' id='word_1_260' title='bbox 588 4324 617 4377; x_wconf 82' lang='grc' dir='ltr'>τὸ</span> <span class='ocrx_word' id='word_1_261' title='bbox 636 4321 698 4376; x_wconf 81' lang='grc' dir='ltr'>αὐτὸ</span> <span class='ocrx_word' id='word_1_262' title='bbox 716 4321 853 4393; x_wconf 83' lang='lat' dir='ltr'><strong>Demoph.</strong></span> <span class='ocrx_word' id='word_1_263' title='bbox 885 4324 896 4389; x_wconf 80' lang='grc'>11</span> <span class='ocrx_word' id='word_1_264' title='bbox 925 4320 1016 4375; x_wconf 80' lang='grc' dir='ltr'>ταύτόν</span> <span class='ocrx_word' id='word_1_265' title='bbox 1035 4319 1100 4375; x_wconf 80' lang='grc' dir='ltr'>ἐστιν</span> <span class='ocrx_word' id='word_1_266' title='bbox 1119 4327 1185 4392; x_wconf 77' lang='lat' dir='ltr'><strong>post</strong></span> <span class='ocrx_word' id='word_1_267' title='bbox 1203 4319 1341 4392; x_wconf 83' lang='grc' dir='ltr'>εὐεργετεῖν</span> <span class='ocrx_word' id='word_1_268' title='bbox 1358 4327 1463 4392; x_wconf 78' lang='lat' dir='ltr'><strong>transp.</strong></span> <span class='ocrx_word' id='word_1_269' title='bbox 1478 4319 1547 4376; x_wconf 82' lang='lat' dir='ltr'><strong>Ant.</strong></span> <span class='ocrx_word' id='word_1_270' title='bbox 1579 4321 1591 4386; x_wconf 91' lang='grc' dir='ltr'>ΙΙ</span> <span class='ocrx_word' id='word_1_271' title='bbox 1620 4320 1751 4393; x_wconf 74' lang='grc' dir='ltr'>ἐκτρέφειν</span> <span class='ocrx_word' id='word_1_272' title='bbox 1769 4322 1814 4374; x_wconf 81' lang='grc' dir='ltr'>καὶ</span> 
     </span>
     <span class='ocr_line' id='line_1_29' title="bbox 463 4406 1808 4480; baseline -0.004 -15"><span class='ocrx_word' id='word_1_273' title='bbox 463 4429 517 4465; x_wconf 82' lang='lat' dir='ltr'>om.</span> <span class='ocrx_word' id='word_1_274' title='bbox 531 4411 591 4466; x_wconf 82' lang='lat' dir='ltr'><strong>Pal.</strong></span> <span class='ocrx_word' id='word_1_275' title='bbox 623 4411 635 4476; x_wconf 82' lang='grc'>11</span> <span class='ocrx_word' id='word_1_276' title='bbox 662 4408 762 4480; x_wconf 69' lang='grc' dir='ltr'>τρέφειν</span> <span class='ocrx_word' id='word_1_277' title='bbox 776 4407 845 4463; x_wconf 83' lang='lat' dir='ltr'><strong>Ant.</strong></span> <span class='ocrx_word' id='word_1_278' title='bbox 875 4410 886 4473; x_wconf 91' lang='grc' dir='ltr'>ΙΙ</span> <span class='ocrx_word' id='word_1_279' title='bbox 915 4407 1044 4478; x_wconf 81' lang='grc' dir='ltr'>πονηροὺς</span> <span class='ocrx_word' id='word_1_280' title='bbox 1057 4408 1149 4472; x_wconf 67' lang='lat' dir='ltr'>Leid„</span> <span class='ocrx_word' id='word_1_281' title='bbox 1168 4408 1211 4460; x_wconf 86' lang='grc' dir='ltr'>τὸν</span> <span class='ocrx_word' id='word_1_282' title='bbox 1224 4409 1335 4477; x_wconf 84' lang='grc' dir='ltr'>πονηρὸν</span> <span class='ocrx_word' id='word_1_283' title='bbox 1349 4409 1429 4463; x_wconf 86' lang='lat' dir='ltr'><strong>Dem.</strong></span> <span class='ocrx_word' id='word_1_284' title='bbox 1461 4410 1473 4473; x_wconf 88' lang='grc' dir='ltr'>ΙΙ</span> <span class='ocrx_word' id='word_1_285' title='bbox 1501 4413 1566 4478; x_wconf 77' lang='lat' dir='ltr'><strong>post</strong></span> <span class='ocrx_word' id='word_1_286' title='bbox 1581 4406 1721 4477; x_wconf 81' lang='grc' dir='ltr'>εὐεργετεῖν</span> <span class='ocrx_word' id='word_1_287' title='bbox 1740 4407 1808 4462; x_wconf 84' lang='lat' dir='ltr'><strong>add.</strong></span> 
     </span>
     <span class='ocr_line' id='line_1_30' title="bbox 465 4487 1812 4567; baseline -0.005 -14"><span class='ocrx_word' id='word_1_288' title='bbox 465 4500 524 4553; x_wconf 79' lang='lat' dir='ltr'><strong>Pal.</strong></span> <span class='ocrx_word' id='word_1_289' title='bbox 551 4497 594 4550; x_wconf 77' lang='grc' dir='ltr'>κοί</span> <span class='ocrx_word' id='word_1_290' title='bbox 619 4495 755 4566; x_wconf 77' lang='grc' dir='ltr'>ἅνίλριυπον</span> <span class='ocrx_word' id='word_1_291' title='bbox 774 4494 871 4566; x_wconf 82' lang='grc' dir='ltr'>φαῦλον</span> <span class='ocrx_word' id='word_1_292' title='bbox 912 4497 923 4561; x_wconf 83' lang='grc' dir='ltr'>ΙΙ</span> <span class='ocrx_word' id='word_1_293' title='bbox 965 4495 1098 4567; x_wconf 80' lang='grc' dir='ltr'>οὐδετέρου</span> <span class='ocrx_word' id='word_1_294' title='bbox 1117 4500 1218 4567; x_wconf 76' lang='lat' dir='ltr'><strong>postea</strong></span> <span class='ocrx_word' id='word_1_295' title='bbox 1236 4495 1341 4549; x_wconf 76' lang='lat' dir='ltr'>omisso</span> <span class='ocrx_word' id='word_1_296' title='bbox 1359 4494 1389 4548; x_wconf 85' lang='grc' dir='ltr'>οὐ</span> <span class='ocrx_word' id='word_1_297' title='bbox 1407 4488 1475 4550; x_wconf 82' lang='lat' dir='ltr'><strong>Ant.</strong></span> <span class='ocrx_word' id='word_1_298' title='bbox 1490 4495 1584 4557; x_wconf 64' lang='lat' dir='ltr'>Laut„</span> <span class='ocrx_word' id='word_1_299' title='bbox 1605 4487 1665 4564; x_wconf 79' lang='grc' dir='ltr'>παρ’</span> <span class='ocrx_word' id='word_1_300' title='bbox 1685 4493 1812 4565; x_wconf 80' lang='grc' dir='ltr'>οὐδετέρῳ</span> 
     </span>
     <span class='ocr_line' id='line_1_31' title="bbox 464 4581 1045 4656; baseline -0.01 -16"><span class='ocrx_word' id='word_1_301' title='bbox 464 4587 556 4648; x_wconf 79' lang='lat' dir='ltr'><strong>Dem.,</strong></span> <span class='ocrx_word' id='word_1_302' title='bbox 578 4583 700 4656; x_wconf 80' lang='grc' dir='ltr'>ἑκατέρου</span> <span class='ocrx_word' id='word_1_303' title='bbox 719 4582 810 4643; x_wconf 71' lang='lat' dir='ltr'><strong>Laid..</strong></span> <span class='ocrx_word' id='word_1_304' title='bbox 831 4581 952 4655; x_wconf 76' lang='grc' dir='ltr'>ἑκάτερον</span> <span class='ocrx_word' id='word_1_305' title='bbox 971 4583 1045 4637; x_wconf 83' lang='lat' dir='ltr'><strong>Mon.</strong></span> 
     </span>
    </p>

    <p class='ocr_par' dir='ltr' id='par_1_17' title="bbox 532 4666 1740 4740">
     <span class='ocr_line' id='line_1_32' title="bbox 532 4666 1740 4740; baseline -0.004 -16"><span class='ocrx_word' id='word_1_306' title='bbox 532 4669 571 4724; x_wconf 85' lang='grc'>88</span> <span class='ocrx_word' id='word_1_307' title='bbox 587 4671 631 4723; x_wconf 82' lang='grc' dir='ltr'>τὸν</span> <span class='ocrx_word' id='word_1_308' title='bbox 650 4669 687 4739; x_wconf 89' lang='grc' dir='ltr'>μή</span> <span class='ocrx_word' id='word_1_309' title='bbox 707 4668 846 4740; x_wconf 86' lang='grc' dir='ltr'>δυνοίμενον</span> <span class='ocrx_word' id='word_1_310' title='bbox 865 4668 940 4724; x_wconf 80' lang='lat' dir='ltr'><strong>Mon.</strong></span> <span class='ocrx_word' id='word_1_311' title='bbox 960 4669 1041 4724; x_wconf 81' lang='lat' dir='ltr'><strong>Leid.</strong></span> <span class='ocrx_word' id='word_1_312' title='bbox 1072 4672 1083 4734; x_wconf 85' lang='grc' dir='ltr'>ΙΙ</span> <span class='ocrx_word' id='word_1_313' title='bbox 1113 4666 1142 4722; x_wconf 88' lang='grc' dir='ltr'>οὐ</span> <span class='ocrx_word' id='word_1_314' title='bbox 1161 4668 1273 4735; x_wconf 77' lang='grc' dir='ltr'>δύναται]</span> <span class='ocrx_word' id='word_1_315' title='bbox 1295 4667 1350 4722; x_wconf 81' lang='grc' dir='ltr'>ίούι</span> <span class='ocrx_word' id='word_1_316' title='bbox 1368 4668 1405 4738; x_wconf 82' lang='grc' dir='ltr'><strong>μή</strong></span> <span class='ocrx_word' id='word_1_317' title='bbox 1425 4667 1548 4722; x_wconf 80' lang='grc' dir='ltr'>δύνασύοιι</span> <span class='ocrx_word' id='word_1_318' title='bbox 1565 4666 1639 4722; x_wconf 82' lang='lat' dir='ltr'><strong>Mon.</strong></span> <span class='ocrx_word' id='word_1_319' title='bbox 1660 4667 1740 4721; x_wconf 80' lang='lat' dir='ltr'><strong>Leid.</strong></span> 
     </span>
    </p>

    <p class='ocr_par' dir='ltr' id='par_1_18' title="bbox 462 4752 1809 4913">
     <span class='ocr_line' id='line_1_33' title="bbox 532 4752 1809 4831; baseline -0.004 -20"><span class='ocrx_word' id='word_1_320' title='bbox 532 4756 571 4811; x_wconf 75' lang='grc'>84</span> <span class='ocrx_word' id='word_1_321' title='bbox 588 4757 693 4831; x_wconf 79' lang='grc' dir='ltr'>εὐτυχίᾳ</span> <span class='ocrx_word' id='word_1_322' title='bbox 705 4757 777 4812; x_wconf 80' lang='lat' dir='ltr'><strong>Mon.</strong></span> <span class='ocrx_word' id='word_1_323' title='bbox 795 4755 862 4810; x_wconf 85' lang='lat' dir='ltr'><strong>Ant.</strong></span> <span class='ocrx_word' id='word_1_324' title='bbox 877 4755 1044 4811; x_wconf 53' lang='grc'><strong>11898101).</strong></span> <span class='ocrx_word' id='word_1_325' title='bbox 1077 4757 1088 4821; x_wconf 85' lang='grc' dir='ltr'>ΙΙ</span> <span class='ocrx_word' id='word_1_326' title='bbox 1118 4757 1277 4826; x_wconf 77' lang='grc' dir='ltr'>φρονοῦντες]</span> <span class='ocrx_word' id='word_1_327' title='bbox 1294 4760 1432 4827; x_wconf 77' lang='grc' dir='ltr'>φοροῦντες</span> <span class='ocrx_word' id='word_1_328' title='bbox 1444 4755 1516 4815; x_wconf 76' lang='lat' dir='ltr'><strong>Pal..</strong></span> <span class='ocrx_word' id='word_1_329' title='bbox 1535 4759 1686 4825; x_wconf 74' lang='grc' dir='ltr'>φρονοῦντες</span> <span class='ocrx_word' id='word_1_330' title='bbox 1699 4753 1727 4805; x_wconf 87' lang='grc' dir='ltr'>εὐ</span> <span class='ocrx_word' id='word_1_331' title='bbox 1740 4752 1809 4808; x_wconf 87' lang='lat' dir='ltr'><strong>Ant.</strong></span> 
     </span>
     <span class='ocr_line' id='line_1_34' title="bbox 462 4839 1515 4913; baseline -0.005 -15"><span class='ocrx_word' id='word_1_332' title='bbox 462 4845 548 4906; x_wconf 69' lang='lat' dir='ltr'>Max„</span> <span class='ocrx_word' id='word_1_333' title='bbox 568 4860 623 4898; x_wconf 90' lang='lat' dir='ltr'>om.</span> <span class='ocrx_word' id='word_1_334' title='bbox 643 4843 717 4898; x_wconf 83' lang='lat' dir='ltr'><strong>Mon·</strong></span> <span class='ocrx_word' id='word_1_335' title='bbox 748 4846 759 4908; x_wconf 92' lang='grc' dir='ltr'>ΙΙ</span> <span class='ocrx_word' id='word_1_336' title='bbox 787 4843 834 4913; x_wconf 70' lang='grc' dir='ltr'>τὴν</span> <span class='ocrx_word' id='word_1_337' title='bbox 853 4858 908 4896; x_wconf 90' lang='lat' dir='ltr'>om.</span> <span class='ocrx_word' id='word_1_338' title='bbox 929 4842 989 4896; x_wconf 86' lang='lat' dir='ltr'><strong>Pal.</strong></span> <span class='ocrx_word' id='word_1_339' title='bbox 1021 4843 1033 4909; x_wconf 91' lang='grc' dir='ltr'><strong>Ι1</strong></span> <span class='ocrx_word' id='word_1_340' title='bbox 1062 4841 1231 4912; x_wconf 79' lang='grc' dir='ltr'>ἡτοιμάκοσιν</span> <span class='ocrx_word' id='word_1_341' title='bbox 1250 4840 1319 4897; x_wconf 82' lang='lat' dir='ltr'><strong>Ant.</strong></span> <span class='ocrx_word' id='word_1_342' title='bbox 1340 4840 1414 4896; x_wconf 77' lang='lat' dir='ltr'>Max.</span> <span class='ocrx_word' id='word_1_343' title='bbox 1434 4839 1515 4897; x_wconf 75' lang='lat' dir='ltr'><strong>stop.</strong></span> 
     </span>
    </p>

    <p class='ocr_par' dir='ltr' id='par_1_19' title="bbox 531 4923 1809 5001">
     <span class='ocr_line' id='line_1_35' title="bbox 531 4923 1809 5001; baseline -0.005 -17"><span class='ocrx_word' id='word_1_344' title='bbox 531 4928 571 4984; x_wconf 88' lang='grc'>85</span> <span class='ocrx_word' id='word_1_345' title='bbox 589 4931 659 4986; x_wconf 83' lang='lat' dir='ltr'><strong>Post</strong></span> <span class='ocrx_word' id='word_1_346' title='bbox 676 4927 821 4999; x_wconf 79' lang='grc' dir='ltr'>πνεύματος</span> <span class='ocrx_word' id='word_1_347' title='bbox 834 4935 978 4999; x_wconf 78' lang='lat' dir='ltr'><strong>transpon.</strong></span> <span class='ocrx_word' id='word_1_348' title='bbox 992 4928 1066 5001; x_wconf 80' lang='grc' dir='ltr'>χρεία</span> <span class='ocrx_word' id='word_1_349' title='bbox 1080 4923 1148 4983; x_wconf 78' lang='lat' dir='ltr'><strong>Ant.</strong></span> <span class='ocrx_word' id='word_1_350' title='bbox 1163 4929 1244 4983; x_wconf 79' lang='lat' dir='ltr'><strong>Dem.</strong></span> <span class='ocrx_word' id='word_1_351' title='bbox 1275 4929 1287 4995; x_wconf 83' lang='grc'>11</span> <span class='ocrx_word' id='word_1_352' title='bbox 1315 4927 1360 4981; x_wconf 79' lang='grc' dir='ltr'>καὶ</span> <span class='ocrx_word' id='word_1_353' title='bbox 1370 4957 1406 4966; x_wconf 98' lang='grc'>-</span> <span class='ocrx_word' id='word_1_354' title='bbox 1416 4926 1500 4999; x_wconf 85' lang='grc' dir='ltr'>χρεία]</span> <span class='ocrx_word' id='word_1_355' title='bbox 1522 4925 1617 4979; x_wconf 77' lang='grc' dir='ltr'>δεῖκαὶ</span> <span class='ocrx_word' id='word_1_356' title='bbox 1629 4926 1722 5000; x_wconf 80' lang='grc' dir='ltr'>τέχνης</span> <span class='ocrx_word' id='word_1_357' title='bbox 1735 4926 1809 4981; x_wconf 78' lang='lat' dir='ltr'><strong>Max.</strong></span> 
     </span>
    </p>

    <p class='ocr_par' dir='ltr' id='par_1_20' title="bbox 532 5014 1726 5070">
     <span class='ocr_line' id='line_1_36' title="bbox 532 5014 1726 5070; baseline -0.003 0"><span class='ocrx_word' id='word_1_358' title='bbox 532 5016 570 5070; x_wconf 81' lang='grc'>88</span> <span class='ocrx_word' id='word_1_359' title='bbox 588 5014 728 5069; x_wconf 77' lang='grc' dir='ltr'>ἀπολαύειν</span> <span class='ocrx_word' id='word_1_360' title='bbox 746 5016 786 5069; x_wconf 84' lang='grc' dir='ltr'>δεῖ</span> <span class='ocrx_word' id='word_1_361' title='bbox 803 5015 878 5070; x_wconf 79' lang='lat' dir='ltr'>Max.</span> <span class='ocrx_word' id='word_1_362' title='bbox 1717 5033 1726 5046; x_wconf 66' lang='lat'>⁸</span> 
     </span>
    </p>

    <p class='ocr_par' dir='ltr' id='par_1_21' title="bbox 531 5100 930 5173">
     <span class='ocr_line' id='line_1_37' title="bbox 531 5100 930 5173; baseline -0.01 -17"><span class='ocrx_word' id='word_1_363' title='bbox 531 5102 568 5158; x_wconf 80' lang='grc'>87</span> <span class='ocrx_word' id='word_1_364' title='bbox 589 5101 658 5173; x_wconf 78' lang='grc' dir='ltr'>παρὰ</span> <span class='ocrx_word' id='word_1_365' title='bbox 676 5102 777 5172; x_wconf 74' lang='lat' dir='ltr'><strong>scripsi</strong></span> <span class='ocrx_word' id='word_1_366' title='bbox 795 5117 846 5172; x_wconf 86' lang='lat' dir='ltr'>pro</span> <span class='ocrx_word' id='word_1_367' title='bbox 864 5100 930 5171; x_wconf 82' lang='grc' dir='ltr'>περί.</span> 
     </span>
    </p>
   </div>
   <div class='ocr_carea' id='block_1_17' title="bbox 0 0 2108 6244">
    <p class='ocr_par' dir='ltr' id='par_1_22' title="bbox 0 0 2108 6244">
     <span class='ocr_line' id='line_1_38' title="bbox 0 0 2108 6244; baseline 0 0"><span class='ocrx_word' id='word_1_368' title='bbox 0 0 2108 6244; x_wconf 95' lang='lat' dir='ltr'> </span> 
     </span>
    </p>
   </div>
  </div>
 </body>
</html>
