4206 6248
462 668 504 730 40
716 623 720 632 Ι
984 667 1016 724 C.
1036 667 1279 726 WAOHSIIUTH

462 853 499 921 id
521 855 626 941 potius
649 855 832 941 significare
865 858 916 924 ‘in
939 880 1001 943 qao
1023 859 1157 944 quisque
1180 859 1327 942 excellit,
1361 878 1401 924 ca
1423 858 1486 944 ipsi
1509 855 1610 924 virtus
1632 859 1695 923 est’
1725 856 1748 922 i.
1774 877 1803 922 e.

466 975 634 1042 ‘virtutem
664 979 883 1062 unnsquisque
908 980 946 1046 vid
960 981 962 997 '
975 981 1175 1066 potissimum
1204 980 1306 1046 credit
1335 1000 1397 1064 quo
1426 980 1496 1064 ipse
1525 981 1694 1063 praestat’.
1742 978 1807 1044 Sed

463 1096 589 1181 reliqua
618 1119 722 1181 neque
751 1100 895 1167 ordinem
925 1101 1155 1168 sententiarum
1184 1103 1314 1167 turbant
1343 1106 1376 1167 et
1404 1099 1549 1166 eiusdem
1572 1099 1721 1164 videntur
1743 1098 1808 1164 ori-

463 1216 566 1300 ginis:
592 1218 709 1285 idoirco
732 1240 772 1286 ea
794 1221 969 1288 mantissae
991 1223 1060 1288 loco
1084 1242 1182 1307 supra
1204 1214 1351 1287 Palatino
1372 1220 1530 1304 florilegio
1552 1219 1669 1288 adieci.

549 1338 663 1422 Itaque
687 1361 750 1406 una
773 1343 842 1407 sola
864 1362 966 1428 eaque
989 1343 1084 1409 tertia
1099 1341 1174 1408 'lere
1196 1341 1300 1428 portic
1322 1340 1471 1426 florilegii
1493 1340 1695 1407 Monacensis
1722 1341 1807 1424 (Lei-

463 1457 582 1543 densis)
608 1460 655 1525 ita
677 1462 838 1547 conspirat
858 1484 931 1529 cum
946 1463 1093 1529 Palatino
1114 1470 1151 1528 ut
1173 1483 1213 1529 cx
1235 1463 1349 1528 eadem
1373 1463 1500 1547 sylloge
1523 1467 1674 1546 excerpta
1694 1479 1809 1525 neces-

464 1579 548 1644 sario
570 1587 713 1665 putetur:
748 1584 825 1668 quid
853 1585 952 1668 igitur
981 1590 1105 1651 statuas
1134 1583 1175 1650 de
1197 1584 1287 1648 illius
1309 1583 1442 1667 reliquis
1464 1582 1631 1667 partibus?
1666 1581 1743 1665 quid
1766 1580 1807 1645 de

463 1698 688 1787 inscriptione,
721 1723 804 1786 quae
834 1705 915 1771 haec
944 1705 1054 1771 estin
1084 1712 1235 1789 utroque:
1276 1710 1395 1790 γνῶμαι
1423 1699 1491 1768 κατ’
1525 1697 1651 1788 ἐκλογὴν
1683 1706 1718 1768 ἐκ
1748 1706 1806 1767 τῶν

464 1821 653 1908 Δημοκρίτου
680 1820 861 1912 Ἐπικτήτου
894 1825 996 1910 (Laid.
1024 1821 1218 1913 Ἐπικούρου)
1251 1824 1303 1890 καὶ
1334 1826 1443 1910 ἑτέρων
1473 1818 1647 1911 φιλοσόφων
1676 1825 1808 1908 ποιητῶν

464 1941 517 2008 καὶ
540 1940 686 2030 ῥητόρων.

499 2084 502 2095 ’
550 2063 616 2128 Diu
646 2073 696 2132 est
724 2068 810 2149 quod
839 2074 893 2133 ten
915 2067 1068 2134 Brinhius
1095 2068 1218 2153 (philol.
1242 2067 1287 2131 VI
1309 2089 1341 2152 p.
1368 2067 1440 2148 579)
1474 2065 1700 2132 animadvertit
1724 2065 1807 2132 illud

464 2191 610 2255 constare
633 2206 651 2252 e
673 2187 799 2253 duabus
820 2188 983 2274 partibus,
1016 2208 1150 2271 quarum
1173 2188 1276 2254 altera
1302 2189 1483 2271 (loo-270
1506 2187 1611 2269 Mon,
1640 2189 1807 2251 lla-257

466 2305 571 2389 Laid.)
602 2327 643 2372 ex
665 2308 842 2374 litterarum
865 2309 976 2375 ordine
998 2310 1126 2394 digesta
1148 2308 1310 2374 contineat
1331 2306 1591 2394 philosophorum
1613 2327 1725 2390 regum
1749 2307 1810 2373 du-

464 2446 546 2509 cum,
567 2427 706 2512 denique
721 2429 849 2495 adnexa
864 2429 1033 2495 mulierum
1045 2429 1330 2515 apophthegmata,
1348 2428 1462 2514 prioris
1475 2428 1653 2494 sententiae
1670 2432 1805 2511 (1-154

465 2546 568 2630 Mon,
605 2553 729 2614 1-144
753 2549 858 2634 Laid.)
892 2551 1048 2617 collectae
1079 2551 1143 2616 sint
1171 2550 1400 2636 principiorum
1428 2550 1520 2614 nulla
1541 2549 1662 2615 ratione
1685 2549 1805 2616 hahita.

464 2667 576 2752 Nuper
601 2670 689 2735 idam
718 2669 892 2737 affirmavit
913 2670 1056 2737 Dilesius
1085 2691 1169 2736 mus.
1195 2670 1297 2737 Rhen.
1323 2671 1387 2735 vol.
1413 2671 1526 2735 XXIX
1549 2692 1581 2756 p.
1612 2674 1669 2734 117
1700 2677 1733 2736 et
1754 2691 1810 2736 ac-

466 2787 608 2855 curatius
629 2790 676 2857 ita
696 2791 860 2874 delinivit,
887 2799 922 2858 ut
942 2793 1217 2879 apophthegmata
1238 2791 1361 2858 diceret
1382 2810 1423 2857 ex
1446 2790 1559 2857 eodem
1582 2790 1671 2858 fonte
1694 2792 1810 2857 hausta

465 2928 538 2976 osse
560 2931 602 2977 ex
623 2933 686 2996 quo
709 2913 810 2979 multo
832 2913 1021 2999 locupletior
1041 2912 1135 2979 fluxit
1151 2913 1287 2997 vsylloge
1308 2912 1568 2978 vindobonensis
1602 2910 1682 2994 (eod.
1708 2913 1806 2978 theol.

465 3030 600 3097 CXLIX
621 3033 731 3116 Noas,
757 3034 866 3101 XCIII
888 3035 1014 3117 Lamb.)
1041 3034 1209 3119 inscripta:
1238 3029 1460 3120 ἀποφθέγματα
1481 3029 1533 3098 καὶ
1554 3036 1672 3119 γνῶμαι
1695 3029 1808 3120 διαφό-

466 3175 526 3238 ρων
547 3150 720 3242 φιλοσόφων
742 3152 819 3220 κατὰ
835 3157 992 3242 στοιχεῖον,
1019 3154 1070 3220 oui
1092 3153 1271 3220 adhaerent
1292 3150 1516 3241 ἀποφθέγματα
1530 3157 1697 3240 γυναικῶν;
1723 3153 1810 3239 prio-

466 3291 533 3337 rem
562 3293 637 3340 vero
667 3282 790 3360 partem
820 3282 1004 3361 excerptam
1036 3294 1108 3341 esse
1137 3295 1156 3341 e
1185 3274 1389 3359 gnomologio
1411 3275 1556 3360 impense
1579 3296 1600 3340 a
1622 3274 1810 3359 Byzantinis

466 3392 608 3460 lectitato
634 3398 766 3481 ‘pompat
789 3399 900 3462 ἐκτῶν
924 3396 1112 3484 Δημοκρίτου
1133 3391 1318 3483 Ἰσοκράτους
1336 3392 1549 3481 Ἐπικτήτου’.
1583 3396 1676 3461 Prius
1698 3395 1810 3463 recto-

467 3513 548 3580 sime
559 3517 594 3598 ¹),
620 3517 756 3583 alterum
771 3517 911 3584 nonita:
934 3538 1129 3602 quamquam
1144 3517 1230 3583 enim
1245 3536 1308 3583 non
1323 3517 1420 3602 plane
1438 3517 1559 3583 ‘falsus
1574 3519 1636 3583 est'
1653 3516 1805 3600 Dilesius,

466 3640 575 3701 lamen
590 3656 716 3704 ornnem
731 3639 898 3705 vamtatem
914 3659 954 3705 ne
969 3638 1040 3725 ipse
1055 3637 1185 3722 quidem
1207 3644 1385 3704 assecutus.
1426 3638 1545 3703 Iterum
1562 3636 1808 3722 dispcsoeudam

466 3774 538 3822 osse
560 3759 717 3826 contendo
739 3760 876 3845 priorem
898 3760 988 3826 illam
1010 3765 1144 3846 partem,
1173 3758 1209 3824 id
1230 3757 1316 3841 quod
1338 3759 1391 3824 vel
1412 3758 1555 3844 ipsarum
1579 3758 1808 3824 sententiarum

465 3873 713 3964 discrepantiam
744 3881 901 3965 spectanti
930 3879 1108 3966 apparebit.
1154 3880 1239 3944 Nam
1267 3900 1288 3944 a
1317 3885 1444 3944 centum
1474 3878 1642 3945 sententiis
1673 3886 1705 3944 et
1730 3900 1805 3961 una,

466 4017 549 4082 quac
571 3999 700 4065 chorum
724 4000 844 4067 ducunt
865 4002 899 4066 in
913 4000 1100 4068 Monacensi
1127 4003 1176 4084 (97
1192 4000 1226 4065 in
1241 3999 1402 4076 Leidensi]
1429 4005 1461 4065 et
1482 4017 1540 4083 per
1562 4005 1683 4065 certum
1707 4018 1809 4082 quen·

466 4116 542 4184 dam
564 4120 708 4187 ordinem
731 4121 754 4187 i.
780 4143 809 4188 e.
835 4122 971 4189 cundem
1001 4129 1098 4207 atque
1126 4141 1224 4207 supra
1246 4119 1440 4205 descriporm
1463 4118 1602 4185 Palatini
1624 4119 1806 4202 decurrunt,

467 4258 526 4307 cae
541 4261 624 4324 quae
640 4249 816 4326 sequantur
832 4245 1001 4308 102-154
1022 4244 1191 4328 (98-144)
1219 4261 1290 4307 cum
1305 4261 1344 4307 eo
1359 4239 1489 4322 distant,
1515 4239 1600 4323 qood
1614 4240 1648 4306 in
1663 4218 1732 4306 illis
1744 4240 1809 4305 iam

466 4368 661 4446 pertractata
682 4382 793 4429 rursus
814 4369 966 4447 tangatur
987 4363 1133 4446 materia,
1159 4369 1225 4428 tum
1247 4361 1356 4428 indole
1378 4361 1503 4447 poetica
1526 4359 1688 4427 differunt.
1728 4361 1810 4427 Poe·

465 4488 519 4547 lae
541 4482 626 4548 enim
645 4483 678 4548 in
693 4483 901 4570 inscriptione
916 4483 1163 4566 commemorati,
1189 4482 1244 4566 qui
1259 4488 1367 4548 tamen
1381 4500 1512 4567 prorsus
1529 4482 1646 4547 desunt
1658 4482 1692 4546 in
1707 4481 1811 4566 prima

556 4675 573 4737 ¹)
593 4668 694 4740 Addo,
714 4673 840 4729 indidem
859 4681 1020 4746 excerptam
1039 4689 1102 4729 esse
1121 4673 1317 4728 collectionem
1335 4673 1402 4727 item
1420 4672 1488 4726 κατὰ
1506 4676 1632 4744 στοιχεῖον
1651 4672 1809 4727 ordinatam

467 4760 575 4815 codicis
592 4761 749 4816 Patmensis
768 4776 841 4816 saec.
863 4761 890 4815 X
907 4777 935 4814 n.
956 4753 1006 4832 ce(
1025 4758 1073 4814 sol.
1096 4762 1145 4812 ‘loo
1160 4775 1221 4831 sqq.
1246 4757 1361 4833 ἀρχαίων
1385 4758 1531 4831 φιλοσόφων
1555 4767 1656 4831 popm
1679 4759 1723 4812 καὶ
1745 4758 1810 4812 ἀπο-

466 4846 610 4918 φθέγματα.
632 4876 663 4886 -
682 4847 814 4903 Getarum
836 4848 886 4904 vix
908 4848 1009 4902 credas
1032 4863 1120 4917 nuper
1143 4848 1274 4902 extitisse
1297 4847 1345 4917 qui
1364 4847 1438 4901 serio
1456 4846 1642 4900 contenderet
1660 4845 1731 4900 hane
1749 4862 1813 4914 par-

467 4942 524 4988 tem
542 4934 614 4989 male
633 4950 668 4989 ex
681 4933 795 4989 Arscnii
814 4935 921 4991 violoto
939 4940 1101 5004 excerptum
1120 4950 1182 4988 esse
1202 4934 1276 4998 (⁴ein
1295 4933 1423 4988 zismlich
1441 4931 1589 4987 liederlich
1607 4928 1813 4999 angelertigter

467 5019 587 5090 alusaug
603 5037 654 5076 aus
671 5020 848 5086 ArsenIus'l:
877 5027 907 5078 tu
931 5021 999 5078 vide
1023 5037 1096 5091 quae
1120 5036 1205 5090 supra
1221 5037 1248 5090 p.
1271 5022 1284 5070 7
1304 5020 1368 5075 adn.
1392 5022 1402 5072 l
1424 5019 1460 5074 dc
1479 5019 1578 5074 codice
1597 5018 1812 5074 vindobonensi

466 5106 534 5162 dixi.
