4118 6240
398 666 449 720 DE
467 665 708 722 COMMUNlBUS
727 666 776 720 ΕΤ
794 665 987 721 conradus
1006 665 1228 732 QUIBUSDAM
1247 665 1479 722 GRAECORUM
1548 670 1608 732 173

265 855 499 937 gentiliciornm
530 876 634 940 pauca
663 864 784 922 tontum
815 878 916 940 eaque
945 857 1102 923 nobiliora
1131 857 1248 939 selegit
1269 879 1350 940 quae
1373 858 1553 924 communia
1576 866 1609 924 61

265 976 428 1059 phratrica
456 976 620 1042 redderet:
655 998 718 1060 quo
748 978 896 1043 effectum
920 986 985 1058 est,
1019 986 1053 1043 ut
1079 979 1137 1042 illa
1163 1000 1235 1042 mox
1259 978 1416 1060 dignitate
1439 980 1608 1063 praevale-

264 1104 349 1175 rent,
384 1097 506 1180 reliqna
534 1098 751 1184 peculiaribus
774 1100 840 1164 suis
864 1099 1037 1165 cultoribus
1060 1099 1171 1164 relicta
1194 1099 1261 1163 fere
1284 1100 1459 1165 sorderent.
1508 1101 1608 1167 Prae-

261 1224 349 1282 terea
373 1239 443 1283 cnm
468 1239 526 1283 sna
549 1240 695 1302 quaeque
719 1219 862 1305 phratria
885 1241 979 1285 sacru
1001 1219 1144 1301 haberet,
1174 1220 1307 1285 duorum
1330 1220 1494 1285 numinum
1517 1222 1605 1287 lovis

261 1339 437 1404 Penetralis
467 1347 498 1405 ct
528 1341 686 1424 Apollinis
716 1341 845 1406 Patricii
874 1341 986 1424 religio
1016 1340 1193 1405 communis
1222 1340 1360 1406 omnium
1391 1341 1603 1425 plrratriarnm

259 1459 372 1524 extitit.
420 1461 510 1526 Haec
537 1462 620 1526 enim
650 1462 783 1527 numina
813 1482 853 1527 ex
881 1461 1053 1545 gentiliciis
1083 1461 1192 1543 qualia
1222 1461 1368 1546 primitus
1398 1471 1489 1528 erant
1514 1473 1603 1547 post-

258 1581 386 1646 modum
417 1582 578 1666 phratrica
605 1583 731 1648 reddita
760 1591 792 1648 et
821 1603 891 1648 curu
920 1583 1071 1667 phratriis
1094 1582 1252 1648 universis
1275 1583 1509 1649 communicata
1530 1603 1602 1650 esse

259 1710 387 1784 praeter
409 1703 476 1768 alia
499 1703 573 1769 iude
597 1704 810 1787 consequitur,
837 1703 920 1786 quod
944 1725 983 1768 61(
1007 1704 1092 1768 66116
1117 1703 1281 1787 utriusque
1297 1703 1350 1769 dei
1366 1704 1508 1787 ingenua
1523 1705 1603 1770 civi-

260 1831 309 1888 tas
341 1825 448 1889 Attica
481 1826 606 1909 probari
642 1825 738 1890 solita
767 1833 827 1889 est.
875 1823 933 1890 cui
963 1824 1008 1888 rei
1038 1845 1100 1889 non
1130 1832 1289 1908 repugnat
1317 1826 1415 1890 immo
1444 1826 1599 1890 calculum

257 1944 348 2010 addit
370 1946 456 2028 qnod
479 1945 615 2029 singulis
638 1945 791 2030 phratriis
814 1946 943 2030 propria
966 1944 1042 2009 16116
1057 1944 1215 2029 Apollinis
1232 1945 1360 2010 Patricii
1384 1945 1484 2012 fuisse
1507 1946 1600 2012 titulo

255 2066 405 2131 docemur
419 2087 520 2151 nuper
535 2087 555 2131 a
570 2067 732 2132 Koelrlero
748 2067 910 2152 publicato
931 2067 1092 2148 (Mittheil.
1112 2067 1165 2128 des
1180 2066 1348 2129 deutschen
1362 2067 1450 2130 arch.
1464 2069 1546 2132 Inar.
1565 2068 1598 2130 in

255 2188 363 2250 Athen
384 2188 417 2252 ΙΙ
440 2210 473 2273 p.
495 2190 564 2271 186)
604 2183 1156 2275 [Ὶ]6ρὸ[νἏπὸλ1λωνῖος((61ρῖ63166
1186 2178 1363 2273 φ1ρτρ161ς
1395 2189 1595 2275 [8166661116-

256 2311 329 2389 lpus
351 2312 403 2392 lb:
436 2310 486 2374 cui
516 2309 751 2395 comparandus
778 2309 1024 2374 6111610111.
1049 2312 1164 2372 6463
1186 2304 1281 2395 Ἱερὸν
1300 2304 1485 2382 Ἀπόλλωνος
1508 2311 1596 2396 ἑβδο-

255 2431 340 2514 μείου
364 2433 510 2518 φρατρίας
529 2428 709 2516 ‘lipianum
735 2431 862 2496 tertium
879 2429 1059 2496 Kochleras
1082 2429 1230 2512 adiungit
1251 2430 1305 2511 qni
1328 2450 1390 2494 non
1413 2429 1511 2496 habet
1533 2432 1596 2496 nisi

249 2548 433 2625 Ἀπόλλωνος
462 2549 627 2639 respuisse.
674 2551 712 2616 Id
735 2552 840 2636 ipsum
866 2558 972 2617 antem
995 2550 1082 2634 quod
1105 2550 1168 2616 dno
1191 2569 1282 2615 sacra
1304 2571 1380 2634 prae
1403 2553 1516 2617 ceteris
1538 2573 1597 2636 po-

252 2674 377 2756 pularia
399 2674 544 2740 instituta
570 2681 645 2739 sunt
666 2694 724 2758 per
746 2680 843 2738 totam
867 2672 1028 2738 civitatem
1052 2671 1197 2736 curiatim
1220 2671 1365 2751 colenda,
1398 2680 1595 2758 quantopere

252 2815 321 2859 cum
346 2795 495 2861 universo
518 2796 653 2869 consilio
669 2794 843 2860 Clisthcnis
866 2793 1060 2877 reipublicae
1083 2792 1280 2857 ordinandae
1297 2792 1475 2874 conveniat,
1496 2795 1594 2860 verbo

250 2917 421 2981 monuisse·
436 2924 487 2981 sat
508 2923 567 2981 est.

336 3039 484 3103 Ceterum
508 3060 571 3121 qua
593 3037 793 3122 potissimum
813 3037 934 3102 ratione
951 3036 1133 3103 Clisthenes
1155 3043 1280 3104 veteres
1303 3058 1341 3102 ae
1364 3056 1456 3103 veras
1478 3045 1592 3122 gentes

251 3179 321 3224 cum
350 3159 442 3224 noris
472 3159 658 3241 deliciisque
685 3159 718 3222 in
743 3159 889 3241 singulas
911 3158 1070 3243 phratrias
1093 3158 1313 3242 contribuerit,
1346 3180 1386 3224 ea
1408 3159 1449 3225 (16
1471 3180 1506 3225 16
1528 3181 1591 3226 1166

248 3280 353 3346 minus
390 3301 484 3363 quam
518 3281 558 3347 de
592 3300 723 3345 numero
756 3300 910 3344 novarum
943 3279 1154 3363 phratriarnm
1188 3300 1309 3365 anceps
1343 3288 1393 3346 est
1424 3275 1587 3346 indicium.

248 3402 329 3466 Nam
364 3401 405 3467 de
438 3402 488 3466 his
521 3403 576 3484 qui
609 3423 712 3486 nuper
740 3401 772 3466 in
804 3400 1018 3486 phratriarnm
1048 3406 1239 3467 muratarum
1269 3410 1386 3467 statum
1416 3421 1590 3484 earumque

247 3543 317 3586 curn
348 3522 477 3589 civitate
499 3524 606 3589 Attica
635 3522 859 3589 necessitatem
883 3543 946 3587 non
969 3522 1039 3587 sine
1062 3522 1157 3590 lande
1179 3522 1345 3606 inquisivit
1365 3523 1589 3590 Buermannus

247 3664 377 3728 prorsus
400 3644 601 3710 incredibilia
623 3645 764 3730 protulit.
812 3644 924 3727 Neque
951 3665 991 3711 ea
1012 3644 1156 3730 quaestio
1178 3643 1211 3708 in
1234 3650 1419 3710 transcursu
1443 3646 1589 3731 expediri

245 3771 361 3850 potest.
408 3766 515 3831 Unum
545 3774 634 3847 noto,
666 3765 766 3831 rideri
795 3764 828 3830 in
859 3766 991 3831 familiis
1014 3765 1251 3831 contribuendis
1274 3773 1402 3850 praeter
1423 3766 1587 3849 cognatio-

245 3906 317 3951 nem
352 3886 504 3953 domicilii
538 3896 570 3953 et
602 3887 775 3952 vicinitatis
808 3887 1014 3972 praecipuam
1048 3885 1201 3952 rationem
1233 3886 1376 3951 habitam
1411 3907 1495 3952 esse.
1548 3887 1586 3953 ld

243 4007 328 4071 enim
352 4029 423 4072 6616
446 4029 574 4074 ararum
597 4008 806 4092 fanorumque
832 4016 898 4074 tum
921 4007 1124 4093 praediorum
1147 4007 1361 4072 communium
1384 4027 1467 4092 qnae
1489 4007 1588 4093 phra-

243 4127 313 4192 triis
342 4127 443 4194 fnisse
465 4137 589 4196 constat
612 4149 690 4195 usus
713 4129 936 4195 commendare
963 4129 1112 4194 debebat.
1160 4129 1272 4212 Neque
1295 4129 1436 4214 profecto
1458 4128 1587 4196 fortuito

242 4249 359 4315 accidit
391 4250 477 4332 quod
510 4251 542 4314 in
576 4272 613 4316 co
643 4251 831 4316 documento
863 4250 948 4334 quod
977 4271 1074 4316 unum
1104 4249 1343 4334 explicatiorem
1373 4250 1516 4316 notitiam
1544 4250 1586 4317 de

243 4370 519 4438 administratione
549 4371 762 4457 phratriarum
792 4371 885 4437 nobis
907 4379 1065 4456 praestat,
1099 4370 1310 4454 Dpalensinm
1335 4371 1407 4436 dico
1428 4371 1521 4437 titulo
1544 4371 1584 4438 de

242 4493 340 4557 t'nndo
363 4495 521 4560 communi
544 4492 679 4559 locando
708 4494 752 4573 (C.
772 4493 797 4556 l.
816 4494 855 4557 A.
881 4493 914 4556 ΙΙ
937 4494 1025 4575 libri),
1056 4499 1089 4557 et
1117 4491 1283 4575 praedium
1307 4491 1339 4556 in
1363 4492 1584 4575 Myrrhinunte

241 4633 324 4695 pago
348 4613 444 4678 sitnm
468 4624 500 4680 et
522 4617 702 4700 redemptor
724 4619 757 4680 et
778 4621 910 4697 uterque
932 4612 1171 4697 phratriarchus
1198 4614 1354 4679 locatores
1377 4613 1585 4698 Myrrhinusii

240 4753 312 4798 esse
335 4734 545 4819 reperiuntur.
593 4737 683 4801 Hunc
706 4757 782 4802 1616
803 4734 944 4817 titulum,
971 4735 1023 4801 cni
1046 4755 1115 4800 curn
1139 4755 1203 4799 una
1225 4734 1360 4800 Athenis
1383 4754 1584 4800 versaremur

238 4861 314 4919 ante
347 4875 467 4939 paucos
500 4874 629 4922 menses
662 4864 787 4942 reperto
820 4856 952 4922 memini
981 4863 1133 4940 qnantum
1165 4857 1215 4919 'l'u
1246 4856 1344 4921 studii
1372 4855 1579 4939 impenderis,

237 4975 363 5043 mittere
386 4998 508 5062 nequeo
530 4977 606 5062 quin
629 4998 694 5042 una
717 4978 831 5043 saltem
854 4978 1059 5060 quantumvis
1081 4977 1145 5042 leri
1168 4976 1363 5042 correctione
1389 4976 1578 5062 impertiam.

236 5097 326 5187 Lego
349 5100 432 5167 enim
455 5121 485 5166 v.
506 5103 545 5164 ll
563 5120 630 5186 sqq.
662 5096 739 5186 [edlu
763 5098 796 5163 δὲ
821 5097 966 5188 βούληται
988 5099 1020 5162 ἐν
1042 5101 1102 5170 τοῖς
1122 5097 1195 5162 δέκα
1210 5096 1306 5162 ἔτεσιν
1322 5093 1500 5186 Διόδω1ρ16ς
1516 5092 1536 5189 ἢ
1553 5097 1581 5167 ol
