4206 6248
450 644 491 707 76
1026 639 1061 695 Β.
1081 639 1219 696 HIRZEL

449 839 500 899 est
520 852 616 917 quarn
639 837 732 897 cauto
754 831 861 898 dicere
885 831 989 904 soleat
1002 829 1185 897 Prantelius
1207 829 1279 897 eius
1299 828 1493 896 discriminis
1508 829 1595 913 quod
1609 828 1799 896 Aristoteles

448 953 530 1020 inter
552 952 754 1019 dialecticam
769 960 803 1019 et
817 953 951 1019 alteram
967 951 1214 1037 argumentandi
1228 951 1383 1018 rationem
1399 957 1554 1018 statuerat
1568 971 1609 1017 ne
1625 949 1797 1035 vestigium

448 1073 578 1160 quidem
600 1073 635 1139 in
648 1073 835 1141 Stoicorum
858 1073 1002 1140 doctrlna
1024 1073 1126 1140 ullum
1148 1072 1356 1140 remansisse.

533 1193 642 1261 Alium
664 1201 833 1281 praetcrea
854 1194 905 1261 his
927 1193 1100 1280 disputatis
1123 1194 1259 1260 fructum
1282 1214 1441 1279 auguror,
1475 1193 1503 1260 si
1525 1193 1607 1260 forte
1630 1194 1798 1277 contigerit

448 1324 484 1383 ut
504 1315 732 1398 intellegamus
754 1336 817 1399 quo
839 1316 950 1385 ordine
972 1315 1145 1402 Chrysippi
1175 1314 1250 1381 libri
1279 1335 1300 1380 a
1321 1314 1468 1399 Diogene
1490 1316 1543 1399 vel
1571 1315 1642 1381 eius
1667 1322 1796 1382 auctore

449 1436 568 1521 digesti
593 1435 667 1503 sint.
723 1436 840 1504 Omnia
865 1436 918 1504 hic
948 1456 1078 1522 pessum
1112 1435 1203 1503 dedit
1230 1436 1435 1503 Nicolaorum
1468 1436 1644 1503 novissima
1676 1437 1793 1523 proles,

449 1579 521 1625 cum
550 1557 708 1642 Diogenis
735 1558 892 1625 incuriam
918 1558 1067 1627 incusare
1097 1558 1210 1624 mallet
1239 1578 1335 1642 quam
1370 1576 1461 1623 suam
1494 1557 1599 1643 ipsius
1631 1557 1796 1625 levitatem

448 1680 570 1748 iudicii.
619 1683 827 1767 Summopere
856 1679 941 1752 enim
972 1679 1114 1745 offensus
1137 1684 1187 1744 est
1208 1678 1322 1764 logicis
1344 1698 1424 1762 quoa
1446 1685 1539 1745 vocat
1560 1679 1651 1745 libris
1673 1679 1706 1743 in
1729 1700 1798 1745 mo-

448 1804 563 1870 ralium
593 1804 744 1871 librorum
772 1800 878 1868 indice
907 1799 1052 1886 repertis.
1100 1799 1241 1879 Quorum
1272 1801 1422 1886 exempla
1443 1821 1476 1886 p.
1495 1803 1536 1865 26
1565 1800 1647 1867 baec
1668 1800 1792 1867 attulit:

448 1925 515 2012 περὶ
538 1926 627 1991 εἰδῶν
650 1921 700 1989 καὶ
721 1928 815 2009 γενῶν
837 1919 911 2010 πρὸς
935 1920 1134 2009 Γοργιππίδην
1163 1917 1202 2010 β’,
1235 1920 1303 2010 περὶ
1330 1925 1389 1987 τῶν
1420 1923 1542 1988 ἐννοιῶν
1571 1918 1644 2010 πρὸς
1668 1918 1796 1988 Λαοδά-

450 2071 546 2132 μαντα
568 2042 607 2135 β’,
638 2020 706 2132 περὶ
735 2039 934 2132 καταλήψεως
963 2041 1015 2108 καὶ
1045 2039 1211 2130 ἐπιστήμης
1240 2041 1292 2108 καὶ
1321 2039 1443 2130 ἀγνοίας
1467 2041 1504 2126 δ’,
1538 2041 1606 2131 περὶ
1635 2039 1726 2130 λόγου
1753 2039 1792 2131 β’.

449 2168 545 2234 Solus
566 2169 679 2234 titulus
702 2172 752 2233 est
774 2167 859 2232 unde
881 2171 1105 2252 argumentum
1129 2165 1221 2250 petiit
1241 2165 1301 2231 hos
1323 2165 1421 2231 libros
1439 2164 1523 2232 inter
1538 2185 1593 2232 eos
1609 2164 1795 2232 referendos

449 2308 539 2372 esse,
573 2289 627 2374 qui
653 2287 842 2353 rationalem
872 2285 1095 2373 philosophiae
1118 2292 1242 2372 partem
1264 2292 1412 2353 tractent.
1458 2286 1551 2366 Quod
1572 2293 1796 2370 argumentum

449 2429 546 2493 quarn
569 2409 672 2476 fallax
695 2408 737 2475 sit
757 2408 863 2493 quivis
886 2407 986 2474 videt.
1032 2407 1154 2473 Eodem
1178 2407 1263 2473 enim
1285 2407 1379 2473 modo
1400 2426 1511 2474 omnes
1532 2407 1600 2474 fere
1623 2407 1796 2474 removeris

449 2550 528 2615 quos
550 2530 714 2614 Diogenes
741 2529 777 2596 in
806 2529 974 2595 moralium
1006 2528 1157 2594 librorum
1187 2549 1319 2595 numero
1347 2529 1456 2614 posuit
1483 2528 1530 2594 eis
1553 2528 1630 2594 solis
1653 2529 1797 2614 exceptis

448 2671 582 2736 quorum
611 2651 704 2718 titulo
741 2657 863 2718 certum
891 2649 1023 2732 aliquod
1054 2649 1185 2716 moralis
1214 2649 1315 2735 partis
1344 2657 1568 2735 argumentum
1598 2623 1798 2716 circumscri-

448 2772 553 2839 batur.
600 2773 643 2838 Hi
664 2792 740 2839 vero
762 2766 949 2858 paucissimi
973 2777 1057 2835 sunt.
1105 2771 1177 2850 Qua
1199 2791 1233 2837 rc
1256 2771 1367 2838 moniti
1389 2771 1445 2854 qui
1467 2792 1530 2837 non
1551 2771 1714 2856 ingeniolo
1737 2791 1796 2837 suo

448 2893 630 2979 petulanter
658 2892 855 2960 confiderent
884 2899 941 2958 aut
969 2911 1004 2958 se
1038 2892 1161 2958 nescire
1195 2913 1289 2976 quem
1322 2892 1466 2959 ordinem
1500 2892 1636 2978 scriptor
1667 2899 1796 2958 secutus

449 3020 535 3081 esset
563 3021 673 3101 aperte
702 3014 844 3100 profiteri
874 3013 1037 3080 dehebant
1065 3020 1121 3079 aut
1148 3013 1279 3097 paulurn
1308 3014 1422 3080 saltem
1445 3013 1598 3080 iudicium
1622 3012 1793 3097 sustinere,

419 3190 422 3196 .
447 3142 570 3203 utrem
593 3135 708 3202 iterum
730 3134 912 3219 iterumque
933 3135 1202 3220 perpensitarent.
1248 3134 1362 3218 Neque
1385 3134 1518 3200 difficile
1540 3141 1609 3200 erat
1630 3133 1796 3200 intellectu

448 3257 527 3340 quid
548 3256 712 3341 Diogenes
734 3257 787 3322 vel
800 3290 807 3318 ι
815 3255 961 3340 quisquis
990 3255 1107 3321 indicis
1133 3255 1223 3321 illius
1251 3262 1362 3321 auctor
1387 3255 1449 3320 fuit
1470 3255 1522 3320 his
1544 3255 1605 3321 sibi
1627 3255 1793 3321 voluisset.

448 3377 530 3444 Vide
552 3376 646 3443 modo
674 3378 788 3462 quales
817 3376 870 3443 bic
892 3384 1060 3443 occurrant
1081 3377 1169 3443 libri:
1212 3374 1280 3464 περὶ
1301 3383 1360 3441 τῶν
1384 3379 1602 3464 ἐτυμολογικῶν
1624 3372 1696 3463 πρὸς
1719 3376 1795 3444 Διο-

448 3499 524 3564 κλέα
546 3493 581 3579 ζ’,
615 3500 833 3584 ἐτυμολογικῶν
855 3495 928 3585 πρὸς
951 3499 1083 3563 Διοκλέα
1105 3494 1143 3580 δ’,
1175 3493 1242 3584 περὶ
1266 3503 1436 3584 παροιμιῶν
1465 3495 1539 3585 πρὸς
1562 3493 1730 3584 Ζηνόδοτον
1753 3493 1792 3586 β’,

447 3619 514 3706 περὶ
536 3615 711 3706 ποιημάτων
730 3615 802 3706 πρὸς
820 3620 984 3705 Φιλομαθῆ
1002 3614 1042 3701 α’,
1068 3619 1136 3706 περὶ
1152 3625 1204 3684 τοῦ
1219 3623 1279 3692 πῶς
1296 3620 1341 3683 δεῖ
1355 3624 1411 3684 τῶν
1426 3614 1600 3705 ποιημάτων
1617 3614 1737 3685 ἀκούειν
1754 3621 1772 3708 β
1786 3672 1792 3685 .

448 3742 486 3806 In
508 3761 642 3826 quorum
665 3741 767 3808 titulis
789 3741 849 3808 etsi
872 3741 995 3807 nullum
1019 3741 1149 3806 moralis
1164 3740 1328 3807 doctrinae
1350 3739 1523 3825 vestigium
1538 3746 1674 3826 apparet
1687 3748 1795 3807 tamen

447 3883 520 3929 eam
549 3862 593 3928 ibi
621 3862 712 3946 tangi
740 3861 881 3947 potuisse
910 3882 1004 3928 nemo
1032 3861 1167 3947 negabit
1195 3861 1250 3946 qui
1276 3861 1474 3947 reputaverit
1494 3861 1699 3928 Aristotelem
1722 3883 1798 3947 pro-

447 3983 565 4050 verbiis
596 3989 762 4068 poetarum
791 3974 885 4048 dictis
915 3977 1133 4067 originatione'
1154 3983 1324 4049 verborum
1354 4001 1448 4048 usum
1477 4001 1549 4049 esse
1572 3989 1608 4049 ut
1632 3983 1709 4049 inde
1731 4004 1795 4049 non

447 4111 534 4171 certa
556 4111 746 4189 argumenta
768 4104 827 4170 sed
849 4103 970 4170 indicia
991 4111 1115 4170 tantum
1137 4104 1282 4170 veritatis
1304 4109 1438 4190 peteret.
1485 4103 1603 4183 Qualia
1624 4103 1715 4170 initio
1737 4125 1795 4190 po-

446 4245 524 4292 nere
546 4225 629 4291 solet
650 4225 836 4312 priusquam
858 4226 989 4312 propius
1012 4225 1055 4291 ad
1076 4225 1296 4310 quaestionem
1325 4224 1513 4291 solvendam
1535 4224 1678 4291 accedat.
1726 4225 1794 4289 Iam

447 4346 474 4412 si
498 4345 538 4413 dc
560 4346 743 4414 Aristotelis
772 4346 863 4413 libris
891 4347 944 4412 hic
974 4353 1125 4431 ageretur
1146 4366 1251 4412 nonne
1279 4345 1564 4432 prudentissimum
1585 4345 1651 4410 iam
1674 4345 1795 4412 dudum

446 4467 666 4552 unusquisque
688 4467 804 4534 indicis
827 4474 987 4533 auctorem
1010 4467 1186 4534 iudicasset
1207 4466 1291 4551 quod
1317 4467 1422 4553 priore
1445 4468 1516 4533 loco
1539 4486 1594 4533 eos
1616 4467 1716 4533 libros
1737 4487 1796 4553 po-

447 4587 566 4654 suisset
581 4589 636 4672 qui
651 4589 766 4655 ceteris
788 4594 876 4655 recta
897 4587 940 4654 ad
962 4588 1031 4654 veri
1053 4588 1267 4673 cognitionem
1289 4587 1494 4656 tendentibus
1515 4587 1607 4673 quasi
1629 4586 1715 4653 viam
1737 4608 1797 4673 pa-

447 4716 575 4775 rarent?
618 4710 732 4793 Neque
761 4709 845 4775 alius
868 4710 998 4793 generis
1020 4710 1170 4776 videntur
1191 4728 1263 4776 esse
1286 4709 1341 4794 qui
1364 4716 1492 4795 praeter
1513 4730 1569 4777 eos
1592 4728 1672 4793 quos
1693 4709 1797 4775 nomi·

446 4829 522 4895 navi
552 4829 643 4896 initio
670 4829 786 4897 indicis
818 4825 1067 4916 conspiciuntur.
1121 4831 1262 4896 Primum
1295 4831 1400 4896 locum
1433 4837 1522 4898 tenet
1551 4826 1711 4918 ὑπογραφὴ
1744 4834 1797 4895 τοῦ

447 4947 557 5037 ἠλλικοῦ
580 4947 671 5037 λόγου
700 4951 832 5017 moralis
861 4952 963 5037 partis
992 4951 1165 5037 descriptio
1193 4952 1373 5035 generalis:
1415 4952 1470 5036 qui
1492 4952 1575 5018 liber
1596 4972 1692 5036 quam
1715 4952 1797 5017 bene

447 5074 551 5139 locum
575 5092 668 5139 suum
696 5078 825 5139 tueatur
846 5092 909 5138 non
931 5091 1012 5158 opus
1039 5079 1088 5140 est
1116 5072 1291 5157 explicare.
1338 5073 1451 5139 Plures
1481 5072 1598 5140 deinde
1621 5079 1697 5140 sunt
1717 5092 1796 5157 quo-
