4118 6240
446 597 505 657 13ss
1006 593 1037 646 F.
1058 592 1225 648 SCllOELL

444 804 546 867 neque
562 783 656 849 iussit
671 784 814 869 Iuppiter
837 805 868 848 v.
884 786 923 845 63
937 803 985 866 sq.
1004 803 1064 847 nec
1086 782 1166 847 satis
1189 782 1263 847 hnic
1287 783 1424 848 maxime
1447 784 1527 849 deae
1543 783 1736 849 conveniunt
1748 787 1765 866 ¹)
1781 807 1787 859 ;

445 907 553 972 Venus
576 912 685 970 autem
708 927 738 970 v.
766 910 805 967 65
835 911 1082 970 commemorata
1111 903 1228 969 deinde
1257 904 1384 988 omnino
1414 905 1613 988 neglegitur,
1646 925 1792 988 quaeque

445 1026 679 1094 substituuntur·
702 1025 833 1090 Gratiae
857 1024 967 1091 Suada
990 1026 1096 1090 Horae
1127 1045 1242 1108 corpus
1272 1025 1415 1092 mulieris
1444 1033 1615 1106 exornant,
1649 1046 1721 1091 cum
1744 1027 1792 1091 illi

445 1154 651 1234 praeceptum
675 1146 770 1211 suerit
799 1146 905 1210 animo
934 1146 1003 1212 eius
1031 1165 1157 1210 omnem
1180 1145 1346 1211 vindicare
1374 1153 1588 1212 venustatem.
1634 1149 1697 1213 Tot
1719 1152 1792 1212 tan-

445 1279 541 1354 taque
578 1267 696 1332 menda
729 1266 970 1332 Schocmannus
1004 1267 1208 1349 llillerusque
1245 1267 1412 1333 toleranda
1448 1266 1584 1333 fortasse
1618 1268 1794 1334 existuma-

446 1398 520 1456 runt
557 1410 628 1456 esse
667 1388 700 1452 in
743 1386 896 1454 mediocri
935 1387 1032 1452 immo
1073 1388 1190 1454 misero
1228 1389 1438 1473 compositore
1480 1389 1532 1454 vel
1570 1389 1789 1474 epitomatore‚

446 1513 574 1595 qualem
603 1510 636 1574 in
665 1517 733 1574 tota
760 1508 801 1574 de
831 1509 979 1574 Pandora
1005 1509 1187 1575 narratione
1220 1518 1414 1592 agnoscunt3
1452 1511 1485 1575 in
1518 1531 1583 1592 qua
1617 1531 1691 1575 num
1725 1510 1794 1576 iure

448 1634 548 1698 multa
570 1632 791 1714 vituperentur
813 1651 833 1694 a
856 1631 989 1712 criticis,
1017 1637 1131 1715 postca
1160 1629 1354 1713 videbimus:
1389 1651 1472 1714 quae
1501 1631 1561 1695 hoc
1587 1632 1656 1696 loco
1680 1652 1793 1695 unum-

446 1774 605 1838 quemque
627 1751 788 1816 offcndero
811 1751 929 1817 debent
951 1751 1190 1836 discrepantiae
1213 1773 1288 1816 num
1311 1753 1362 1817 vel
1384 1753 1425 1818 ab
1441 1752 1597 1817 oscitante
1612 1772 1651 1817 ac
1673 1751 1794 1817 dormi-

448 1882 536 1941 tante
555 1873 771 1940 versificatore
794 1872 948 1938 committi
970 1873 1097 1957 possint
1119 1872 1241 1938 dubito.
1288 1874 1372 1937 Nam
1395 1873 1443 1938 illi
1466 1893 1591 1957 quoque
1613 1872 1793 1957 prodidisse

449 1996 531 2061 lauro
561 1993 752 2060 sententiam
783 1993 863 2058 satis
894 1992 1087 2076 habuerunt,
1120 1993 1225 2059 simile
1254 1993 1384 2077 aliquod
1415 1995 1596 2079 exemplum
1624 2015 1728 2076 neque
1754 2016 1793 2058 ex

447 2117 573 2201 graccis
604 2135 706 2198 neque
737 2136 777 2180 ex
806 2115 880 2179 aliis
909 2114 1024 2180 litteris
1053 2115 1263 2198 protulerunt.
1315 2115 1524 2200 Quapropter·
1548 2114 1639 2198 quod·
1666 2115 1700 2192 iu
1734 2136 1796 2180 uno

447 2238 580 2304 alterius
603 2236 703 2321 partis
726 2255 821 2301 versu
845 2239 885 2299 76
908 2235 1064 2301 accidisse
1093 2235 1296 2301 manifestum
1326 2244 1375 2301 est
1403 2237 1507 2301 locum
1536 2236 1727 2322 parallelum
1750 2236 1795 2300 ir-

449 2359 606 2443 repsisse,
643 2356 729 2422 idem
759 2357 802 2421 ad
832 2357 1015 2422 universam
1045 2356 1299 2440 complexionem
1329 2357 1518 2423 trahendum
1548 2357 1620 2423 erit.
1682 2359 1795 2441 Neque

449 2488 555 2547 tamen
585 2479 632 2544 rei
660 2478 827 2544 veritatem
850 2478 1002 2544 Steitzins
1024 2476 1239 2561 Flachiusque
1261 2485 1493 2564 perspexerunt
1514 2498 1627 2545 versus
1654 2482 1793 2544 60-60

450 2600 670 2680 secludentes,
707 2620 778 2664 curn
813 2599 918 2682 potius
952 2599 1059 2664 versui
1090 2603 1130 2662 68
1160 2599 1267 2665 statim
1298 2599 1510 2684 adplicandus
1542 2619 1654 2666 versus
1684 2604 1725 2665 83
1754 2600 1796 2665 sit

449 2722 564 2789 deletis
586 2721 640 2805 qui
670 2719 928 2804 interponuntur:
965 2720 997 2784 id
1028 2720 1111 2804 quod
1139 2721 1262 2805 primns
1284 2721 1439 2787 Lehrsius
1462 2721 1542 2787 vidit
1553 2722 1591 2805 2).
1638 2723 1685 2787 Ac
1707 2722 1797 2807 prin-
1875 2701 1878 2705 ⁴

450 2844 534 2929 cipio
563 2841 692 2925 quidem
722 2841 899 2927 simplicius
930 2847 997 2925 est,
1031 2841 1058 2906 si
1089 2847 1255 2924 utramque
1284 2849 1406 2927 partem
1434 2842 1733 2927 comprehendimus
1755 2843 1796 2907 ab

450 2958 490 3038 ὣς
513 2960 604 3052 ἔφατ’
629 2963 847 3047 incipientem.
904 2962 1037 3028 Accedit
1065 2969 1172 3027 autem
1203 2963 1288 3046 quod
1317 2964 1451 3029 alterum
1484 2957 1525 3037 ὣς
1547 2960 1641 3050 ἔφαθ’
1668 2970 1796 3048 praeter

450 3083 713 3152 consuetudinem
737 3083 918 3148 adnectitur
946 3104 1009 3148 non
1031 3082 1240 3149 antecedente
1263 3085 1405 3151 oratione
1426 3084 1567 3150 directa:
1593 3085 1627 3150 id
1649 3085 1732 3169 quod
1755 3085 1796 3149 ab

453 3228 515 3272 nno
538 3213 665 3271 auctore
686 3204 797 3289 hymni
819 3205 853 3269 in
876 3205 1024 3271 Cererem
1049 3204 1235 3285 admissum,
1261 3207 1302 3271 ab
1325 3206 1493 3291 Apollonio
1516 3206 1640 3272 Rhodio
1663 3226 1795 3290 expres-

450 3349 521 3394 sum
537 3347 609 3393 esse
626 3327 825 3410 exploratum
849 3331 909 3390 est.
945 3325 1039 3392 Unde
1061 3333 1199 3409 augetur
1220 3327 1355 3412 suspitio
1378 3348 1489 3393 versus
1513 3330 1653 3392 69-8‘2
1676 3328 1709 3391 in
1732 3327 1797 3392 alio

450 3450 526 3515 olim
553 3447 692 3513 carmine
715 3445 896 3528 exstitisse,
928 3467 991 3530 quo
1019 3467 1102 3530 quae
1124 3447 1158 3512 di
1180 3447 1325 3533 deaeque
1352 3449 1515 3515 efficerent
1543 3447 1797 3534 perorationem

451 3570 536 3636 Iovis
559 3568 712 3634 directam
734 3567 878 3633 indicata
908 3567 1055 3634 tuissent.
1107 3569 1280 3636 Praeterea
1308 3590 1347 3636 ex
1378 3569 1502 3636 Steitzii
1528 3568 1717 3652 Flaohiique
1747 3588 1798 3634 rc-

451 3691 600 3758 ceusione
622 3697 695 3775 post
716 3688 857 3755 convitia
878 3710 961 3772 quae
984 3691 1016 3754 in
1039 3689 1261 3756 Prometheum
1285 3691 1430 3776 luppiter
1451 3690 1557 3756 fundit
1578 3710 1770 3774 versumque

680 3803 719 3885 ὣς
741 3807 845 3898 ἔφατ’,
872 3813 906 3875 ἐκ
930 3807 955 3875 δ’
983 3811 1128 3897 ἐγέλασσε
1149 3808 1248 3898 πατὴρ
1271 3809 1386 3899 ἀνδρῶν
1409 3837 1440 3877 τε
1464 3816 1544 3877 itacio
1559 3837 1591 3876 τε

451 3934 547 4000 nimis
569 3934 705 4018 abrupte
727 3932 832 4017 pergit
855 3938 950 4018 poeta

682 4049 790 4119 adriae
814 4050 838 4118 δ’
866 4057 900 4119 ἐκ
921 4055 1008 4140 γαίης
1030 4050 1145 4119 aldeae
1169 4052 1273 4128 κλυτὸς
1292 4051 1501 4141 Ἀμφιγυήεις,

453 4177 506 4241 ubi
523 4176 594 4242 sola
611 4175 711 4241 verba
728 4173 883 4262 Κρονίδεω
900 4172 950 4240 διὰ
968 4171 1078 4264 βουλάς
1101 4198 1131 4241 v.
1149 4179 1185 4238 71
1206 4197 1319 4260 parum
1342 4183 1453 4261 aptum
1468 4196 1624 4241 conexum
1640 4176 1793 4241 efficiunt.

543 4436 560 4500 ¹)
581 4435 703 4490 Diversa
728 4437 778 4490 scd
798 4438 903 4506 pariter
921 4452 1055 4506 pervorsa
1073 4436 1177 4490 Rankii
1196 4435 1411 4506 Vollbehriiquc
1430 4441 1588 4490 commenta
1605 4436 1708 4505 quibus
1726 4436 1800 4490 lrunc

454 4521 612 4574 dissensum
637 4522 708 4576 solvi
733 4523 840 4591 opinati
865 4529 945 4582 sunt,
973 4521 1027 4575 ioci
1055 4537 1140 4575 causa
1158 4523 1255 4575 offero.
1294 4521 1346 4575 llle
1365 4523 1437 4575 enirn
1456 4528 1558 4591 poetae
1577 4523 1731 4577 sollertiam
1750 4524 1801 4576 arl-

455 4608 570 4660 rniratus
588 4613 645 4668 cst,
670 4608 736 4676 quia
760 4624 815 4662 uon
839 4609 930 4662 nrinns
954 4609 1090 4663 docentor
1108 4608 1203 4663 lovem
1228 4610 1331 4663 nudam
1356 4625 1411 4662 non
1429 4610 1568 4676 attingere
1587 4610 1731 4664 nurlicrcm
1750 4610 1800 4664 iin-

453 4700 534 4760 garet
556 4711 639 4763 quarn
657 4695 809 4751 Minervam
834 4712 886 4750 sua
903 4702 1003 4764 sponte
1022 4695 1087 4748 huic
1105 4694 1282 4748 incommodo
1300 4710 1476 4749 succurrere:
1505 4696 1687 4751 Vollbehrius
1705 4703 1799 4751 autem

453 4781 531 4850 prim
549 4781 621 4835 illud
639 4781 700 4854 ἔργα
718 4781 869 4852 διδασκῆσαι
893 4798 947 4836 non
971 4782 1105 4836 aliorsum
1125 4783 1241 4836 tendere
1260 4783 1358 4836 docuit
1377 4788 1462 4852 atque
1480 4784 1517 4837 ad
1536 4790 1634 4838 vestes
1652 4783 1800 4840 conficien-

454 4869 506 4922 das
525 4869 677 4937 statimque
696 4869 867 4923 induendas!

540 4955 560 5018 2)
580 4954 784 5023 Neglegcntius
802 4955 935 5011 Flachius
954 4956 1068 5026 scripsit
1086 4956 1242 5011 obtinuisse
1261 4955 1407 5011 Lohrsium
1426 4973 1452 5011 v.
1474 4959 1587 5009 60-68
1611 4972 1645 5010 cx
1664 4957 1720 5012 alia
1738 4972 1801 5012 esse

455 5058 626 5098 recensione.
