4206 6248
525 711 566 775 82
1067 738 1071 746 ·
1087 708 1122 766 U.
1142 710 1320 766 KOEHLER

522 901 673 983 didisset,
707 921 747 966 ex
769 899 1011 983 Andromache,
1044 921 1140 983 quam
1162 901 1197 966 iu
1220 901 1377 967 divisione
1401 900 1542 986 praedae
1564 900 1723 967 Troianae
1745 901 1776 967 ei
1800 920 1871 967 ces-

522 1021 603 1087 sisse
633 1021 731 1087 etiam
754 1022 896 1088 lustinus
925 1027 1097 1101 memorat,
1130 1028 1195 1087 tres
1224 1021 1311 1088 filios
1342 1022 1513 1088 sustulisse
1536 1029 1662 1107 narrat,
1695 1023 1870 1089 Molossum

524 1143 648 1208 Pielnm
672 1143 877 1227 Pergamum.
925 1143 974 1207 Ex
1007 1141 1058 1207 his
1088 1142 1224 1227 primum
1247 1142 1422 1209 Molossum
1451 1143 1534 1229 patri
1563 1143 1597 1208 in
1619 1164 1719 1227 regno
1741 1164 1872 1210 succes-

524 1263 618 1348 sisse,
644 1285 719 1328 mox
735 1263 870 1346 Pielum,
888 1284 910 1328 a
932 1283 994 1347 quo
1016 1282 1110 1346 reges
1125 1263 1337 1330 Molossorum
1359 1263 1515 1347 originem
1539 1264 1698 1330 duxerint.
1737 1265 1872 1330 Accedit

523 1385 623 1469 igitur
651 1385 885 1469 quodammodo
914 1385 957 1450 ad
986 1405 1043 1468 ea,
1076 1405 1159 1468 quae
1182 1384 1354 1470 Euripides
1382 1385 1416 1449 in
1437 1385 1604 1468 tragoedia
1625 1385 1871 1452 Andromachae

524 1506 652 1572 nomine
680 1505 836 1592 iuscripta
865 1506 1005 1591 protulit.
1053 1506 1092 1571 Iu
1114 1505 1176 1571 hac
1197 1505 1282 1571 enim
1305 1505 1417 1571 fabula
1438 1512 1535 1591 poeta
1555 1506 1748 1589 Molossum,
1781 1506 1871 1572 Neo-

523 1627 655 1711 ptolemi
691 1648 732 1693 ex
761 1626 985 1693 Andromache
1022 1627 1140 1711 filium,
1179 1633 1270 1712 patre
1299 1625 1436 1711 Delphis
1472 1626 1577 1692 occiso
1606 1647 1677 1695 curu
1707 1634 1808 1694 matre
1837 1628 1870 1693 in

523 1748 658 1834 Epirum
679 1749 836 1832 migrasse
858 1748 967 1832 ibique
989 1768 1124 1831 regnum
1147 1746 1328 1813 condidisse
1350 1747 1520 1831 significat.

608 1870 672 1935 Vix
693 1889 774 1953 opus
796 1876 863 1952 est,
894 1875 930 1935 ut
951 1868 1098 1954 pluribus
1122 1868 1356 1935 demonstretur
1377 1867 1411 1933 in
1434 1868 1499 1952 eis,
1532 1888 1613 1952 quae
1637 1868 1678 1934 de
1701 1873 1870 1935 stemmate

523 1989 752 2075 Pyrrhidarum
774 1990 954 2074 traduntur,
981 1989 1062 2055 duas
1085 1988 1223 2072 fabulas,
1249 1989 1424 2073 genuinam
1446 1989 1582 2055 alteram
1604 1995 1637 2055 et
1650 1989 1743 2074 quasi
1759 1989 1869 2057 dome-

524 2111 656 2194 sticam,
688 2111 824 2176 alteram
853 2110 1066 2176 adventiciam
1096 2117 1128 2176 et
1154 2131 1172 2175 e
1194 2110 1285 2196 poesi
1308 2110 1433 2176 Graeca
1462 2109 1591 2176 ductmn
1620 2111 1807 2177 coniunctas
1836 2118 1869 2176 et

523 2233 675 2299 contusas
697 2251 770 2297 esse
793 2251 831 2297 eo
854 2231 983 2315 quidem
1006 2231 1150 2312 consilio,
1176 2236 1212 2295 ut
1226 2230 1316 2314 origo
1331 2231 1500 2298 Hellenica
1514 2231 1643 2315 generis
1658 2238 1768 2297 contra
1783 2253 1870 2298 oom-

524 2374 654 2419 munem
670 2353 865 2418 Graecorum
888 2352 1069 2438 opinionem
1092 2353 1257 2437 praeclaro
1273 2352 1420 2438 exemplo
1435 2353 1633 2437 probaretur.
1673 2354 1753 2419 Rem
1769 2353 1872 2438 signi-

523 2473 632 2540 ficavit
660 2473 858 2539 Niebuhrius
893 2473 1068 2559 (Vortrdpc
1095 2475 1173 2538 tiber
1202 2473 1266 2538 ulte
1299 2473 1484 2539 Gescdt'chtc
1512 2473 1695 2561 hmuusqep.
1727 2497 1788 2539 oon
1817 2478 1865 2540 M.

524 2594 669 2660 Mebahr
690 2595 739 2659 Ill
761 2616 794 2680 p.
823 2597 881 2658 167
898 2596 975 2680 sq),
1008 2594 1063 2678 qui
1091 2601 1195 2660 utrum
1225 2594 1259 2659 in
1280 2594 1377 2660 rebus
1399 2594 1552 2660 Romanis
1574 2617 1617 2661 an
1640 2595 1774 2662 Graecis
1796 2595 1872 2661 ieli—
1938 2622 1940 2626 ·

525 2715 610 2782 ciore
633 2735 710 2781 usus
733 2714 775 2781 sit
796 2715 957 2795 acumine,
984 2715 1124 2782 dubitari
1145 2735 1242 2801 posse
1263 2722 1357 2802 put03
1384 2715 1442 2782 sed
1464 2717 1574 2801 paullo
1593 2716 1776 2783 adcuratius
1798 2737 1870 2782 eam

526 2837 587 2902 hoc
616 2837 687 2902 loco
709 2836 859 2921 persequi
881 2856 999 2921 operae
1021 2837 1158 2922 pretium
1181 2837 1250 2903 erit.
1299 2835 1478 2923 Pyrrhidae
1501 2837 1586 2904 enim
1608 2837 1700 2903 initio
1725 2857 1829 2922 genus
1851 2859 1872 2902 a

525 2958 647 3042 Pyrrho
670 2964 703 3023 et
716 2958 873 3041 Lanassa,
899 2957 1048 3023 Herculis
1070 2965 1177 3043 nepte,
1204 2958 1375 3042 ducebant,
1402 2978 1497 3041 quam
1521 2958 1609 3024 fama
1630 2958 1693 3024 fuit
1713 2958 1871 3044 aPyrrho

525 3079 700 3164 intemplo
723 3079 810 3144 Iovis
832 3078 1000 3144 Dodonaei
1023 3085 1147 3164 raptam
1170 3099 1243 3145 esse
1270 3079 1395 3163 (lustin.
1413 3080 1435 3143 l.
1455 3083 1512 3165 u).
1558 3079 1717 3163 Pyrrhum
1739 3079 1871 3144 Molossi

525 3221 582 3286 pro
612 3199 678 3265 filio
700 3200 831 3284 Aspeti,
863 3199 970 3264 herois
997 3199 1161 3284 indigeni,
1193 3198 1346 3266 habuisse
1376 3199 1536 3266 videntur.
1582 3200 1727 3267 Fabulae
1749 3210 1868 3278 autem,

526 3342 608 3406 quae
631 3321 674 3387 ad
697 3321 823 3404 cyclum
846 3320 1021 3386 Troianum
1044 3321 1222 3406 pertinent,
1256 3321 1344 3387 utin
1366 3321 1498 3406 Epirum
1521 3321 1778 3403 transferrentur,
1805 3320 1872 3406 pri-
1964 3301 1966 3311 ¹

526 3462 597 3507 mus
626 3448 737 3506 auctor
758 3441 860 3507 fuisse
882 3441 1010 3507 videtur
1030 3449 1127 3526 poeta
1147 3442 1330 3508 Nostorum.
1377 3443 1410 3507 Is
1433 3443 1518 3507 enim
1533 3442 1778 3527 Neoptolemum
1800 3448 1873 3527 post

525 3562 685 3628 excidium
701 3563 816 3628 Troiae
838 3563 872 3628 iu
887 3562 1070 3627 Molossiam
1094 3563 1251 3646 migrasse
1273 3563 1383 3647 ibique
1406 3583 1540 3646 regnum
1563 3562 1746 3629 condidisse
1765 3562 1867 3645 fiuxit,

525 3684 612 3768 quod
641 3690 864 3766 argumentum
895 3683 1009 3768 postea
1035 3684 1181 3768 apostis
1205 3684 1338 3750 Graecis
1369 3684 1458 3750 varie
1487 3690 1656 3750 tractatum
1688 3691 1721 3750 et
1742 3691 1870 3750 auctum

527 3812 592 3871 cst:
620 3804 661 3870 cf.
687 3825 772 3887 qnae
795 3804 925 3888 collegit
947 3805 1131 3871 Boeckhius
1153 3805 1194 3870 ad
1217 3805 1311 3870 Pind.
1329 3805 1423 3871 Nem.
1442 3805 1503 3871 Vll
1525 3824 1574 3870 vs.
1593 3807 1633 3868 36
1648 3824 1718 3889 sqq.
1765 3806 1871 3889 Atque

526 3948 589 3992 nou
612 3925 739 3991 omnino
761 3926 948 4009 negaverim
972 3926 1120 4010 equidem
1142 3926 1212 3993 fieri
1234 3945 1340 4011 posse,
1366 3933 1401 3992 ut
1420 3926 1488 3991 iam
1508 3926 1637 3992 saeculo
1652 3926 1763 4009 quinto
1777 3945 1872 4010 reges

528 4048 735 4112 Molossorum
759 4067 831 4111 sese
853 4067 894 4111 ex
916 4047 1014 4131 stirpe
1038 4047 1175 4112 Achillis
1198 4047 1348 4112 oriundos
1371 4066 1443 4112 esse
1466 4047 1640 4128 aliquando
1662 4047 1871 4131 praedicave-

528 4170 605 4246 n'ut3
632 4168 665 4232 in
689 4168 866 4232 storurnatis
889 4189 963 4232 vero
987 4168 1120 4233 formam
1144 4168 1227 4233 hanc
1249 4168 1393 4233 fabulam
1412 4167 1575 4232 redactam
1592 4186 1675 4249 esse,
1702 4175 1869 4251 postquam

528 4290 754 4373 Tharrbypas,
789 4310 883 4372 quem
906 4290 1041 4354 Athenis
1071 4289 1240 4354 educatum
1264 4308 1336 4353 esse
1360 4288 1502 4353 Iustinus
1525 4289 1638 4371 refert,
1673 4289 1715 4353 ad
1737 4309 1871 4371 reguum

529 4410 677 4496 peruenit
699 4417 731 4474 et
752 4410 907 4475 Molossos
931 4431 971 4475 ex
994 4409 1143 4475 barbarie
1166 4409 1208 4474 ad
1231 4410 1333 4475 cultos
1357 4408 1552 4474 Graecorum
1575 4429 1680 4475 mores
1703 4408 1871 4475 traducere

527 4532 643 4617 coepit,
670 4530 749 4596 satis
772 4539 891 4596 certum
915 4551 986 4597 esse
1010 4538 1099 4616 puto.
1146 4530 1371 4616 Tharrbypam
1393 4539 1500 4597 autem
1523 4551 1607 4597 anno
1629 4552 1661 4595 a.
1679 4531 1739 4597 ch.
1757 4552 1788 4596 u.
1809 4534 1871 4594 429

529 4654 694 4718 etiamtum
721 4659 798 4717 natu
821 4652 975 4718 minorem
997 4651 1097 4718 fuisso
1121 4659 1245 4718 constat
1272 4651 1384 4735 (Thuc.
1402 4652 1517 4733 1180).
1565 4652 1613 4718 Ac
1634 4651 1720 4737 prior
1741 4650 1871 4735 quidem

528 4773 706 4840 stemmatis
736 4773 838 4838 forma
866 4774 947 4839 baec
976 4773 1077 4840 fuisse
1107 4773 1221 4858 debet,
1254 4779 1290 4839 ut
1311 4772 1451 4858 Pyrrhus
1473 4773 1702 4858 Pyrrhidarum
1724 4773 1874 4858 princeps

528 4894 731 4979 Neoptolemi
753 4895 839 4960 filius
862 4894 963 4961 inisse
982 4895 1213 4981 perhiberetur.
1261 4894 1429 4980 Expressit
1443 4915 1514 4960 eam
1530 4895 1645 4960 Strabo
1661 4895 1722 4960 Vll
1743 4915 1775 4979 p.
1796 4897 1870 4977 326,

528 5017 583 5099 qui
607 5016 769 5101 Ephorum
792 5023 921 5082 secutus
945 5037 1017 5084 esse
1040 5017 1185 5098 videtum
1218 4993 1364 5083 eiusdem
1395 5015 1534 5098 vestigia
1565 5015 1725 5101 adparent
1752 5015 1786 5080 iu
1809 5014 1868 5097 eis,

530 5120 613 5221 quae
629 5137 820 5203 Plutarchus
844 5137 884 5204 de
900 5138 1130 5222 Pyrrhidarum
1152 5143 1320 5205 stemmate
1344 5136 1502 5223 exposuit.
1548 5137 1623 5201 Mox
1646 5142 1753 5203 autem
1777 5142 1876 5202 stem-
