4206 6248
727 634 779 689 DE
797 631 936 691 cocles
954 632 1168 690 suelcossun
1578 643 1614 702 71

270 824 338 890 tilis
358 844 463 907 neque
478 825 575 907 aequi
596 824 714 892 iudicis
737 843 827 905 esso;
852 831 1029 910 opportune
1051 831 1160 891 tamen
1174 846 1215 891 ea
1229 824 1439 892 admonemur
1453 829 1523 893 eius
1546 829 1618 895 viae

272 965 355 1030 quae
384 945 418 1010 in
448 946 650 1032 explicandis
672 946 828 1030 Diogenis
850 946 957 1012 verbis
985 945 1198 1030 ingredienda
1226 953 1286 1012 est.
1333 948 1418 1013 Nam
1444 950 1620 1016 casinen

272 1067 316 1133 ad
337 1066 442 1153 ipsam
465 1067 656 1134 divisionem
679 1067 901 1153 philosophiae
924 1066 984 1134 sed
1005 1067 1048 1132 ad
1070 1068 1202 1133 nomina
1223 1069 1402 1152 rettuleris,
1432 1070 1540 1135 omnia
1562 1091 1620 1136 ex-

272 1188 384 1274 pedita
412 1195 505 1253 erunt
534 1188 694 1272 stabitque
721 1195 753 1255 et
774 1188 949 1254 Xenocrati
972 1195 1004 1253 et
1026 1188 1148 1254 Zenoni
1171 1208 1230 1254 sua
1252 1189 1357 1255 meriti
1380 1191 1494 1275 portio.
1542 1192 1619 1257 Plus

273 1309 351 1375 fecit
372 1310 588 1391 Xenocrates,
620 1309 675 1394 qui
703 1310 825 1395 primus
854 1309 946 1376 illam
975 1309 1145 1376 universae
1171 1309 1394 1396 philosophiae
1416 1311 1619 1397 partitionem

272 1430 421 1517 privatim
445 1438 480 1497 ut
500 1430 546 1498 ita
569 1430 674 1496 dicam
697 1431 761 1496 iam
783 1438 880 1498 antea
901 1430 1044 1513 agnitam
1063 1430 1160 1497 etiam
1182 1431 1310 1517 publice
1333 1452 1443 1499 veram
1458 1439 1491 1498 et
1513 1434 1622 1518 legiti-

273 1572 357 1617 mam
393 1551 628 1638 pronuntiavit,
645 1568 650 1579 ·
665 1573 728 1617 non
762 1552 842 1617 nihil
876 1559 985 1618 tamen
1014 1551 1141 1618 addidit
1168 1552 1273 1636 Zeno,
1311 1574 1383 1618 cum
1417 1554 1619 1621 dialecticam

271 1693 367 1757 qnam
390 1672 627 1739 Chalcedonius
651 1673 709 1739 ille
730 1680 901 1739 vocaverat
921 1673 954 1738 in
978 1673 1116 1756 logicam
1139 1680 1287 1740 mutaret.
1334 1674 1464 1741 Dixeris
1492 1676 1621 1760 perexi-

271 1814 369 1877 guam
391 1793 497 1860 laudis
526 1802 649 1879 partem
672 1794 794 1860 Zenoni
821 1794 1018 1878 relinquiae
1040 1794 1096 1859 vix
1124 1795 1302 1878 tantillam,
1336 1802 1372 1861 nt
1401 1803 1570 1881 propterea
1598 1818 1620 1863 a

271 1915 416 1998 Diogene
446 1914 567 2000 primns
595 1914 721 1981 dicatur
752 1915 990 2001 philosophiam
1020 1915 1080 1982 hac
1107 1915 1224 2002 triplici
1253 1916 1375 1983 ratione
1405 1917 1618 2002 disperdisse.

271 2036 421 2102 Attamen
444 2035 604 2102 mentione
633 2043 719 2103 certe
747 2037 847 2121 digna
874 2044 944 2103 erat
972 2058 1012 2103 ea
1040 2037 1178 2103 nominis
1207 2037 1359 2118 mutatio,
1394 2059 1477 2122 quae
1507 2045 1620 2124 postea

272 2156 419 2241 plurimis
448 2163 481 2224 et
508 2157 668 2242 primariis
697 2157 898 2243 philosophis
927 2158 1114 2243 placuisset.
1167 2158 1303 2225 Accedit
1330 2159 1416 2243 qnod
1444 2180 1619 2226 neverum

272 2276 403 2360 quidem
433 2285 484 2344 est
513 2279 596 2345 banc
625 2278 833 2345 mutationem
862 2279 905 2344 ad
934 2279 1038 2345 solum
1071 2299 1187 2345 nomen
1218 2279 1390 2365 pertinere.
1433 2281 1621 2364 ‘sPostqnam

272 2399 357 2465 enim
379 2399 569 2467 Aristoteles
595 2400 772 2466 insatiabili
799 2399 946 2467 discendi
974 2400 1149 2485 cupiditate
1179 2405 1211 2466 et
1240 2400 1350 2467 divino
1383 2401 1536 2487 abreptus
1568 2402 1621 2468 in-

154 2592 158 2602 ,
271 2520 377 2605 genio,
403 2520 490 2605 qnod
504 2521 645 2588 Atlantis
666 2521 769 2587 instar
790 2521 940 2587 universo
963 2521 1168 2588 scientiarum
1191 2521 1260 2587 orbi
1282 2521 1454 2606 sufficeret,
1480 2523 1621 2590 claustra

271 2642 443 2727 effringere
464 2660 562 2708 ansus
585 2649 643 2723 cst,
673 2642 790 2727 quibus
812 2649 886 2708 ante
910 2663 983 2708 eum
1005 2611 1211 2728 philosophia
1232 2650 1375 2711 coartata
1397 2643 1430 2709 in
1453 2644 1530 2710 solis
1554 2643 1622 2711 fere

270 2763 478 2847 generalibus
507 2783 613 2830 rerum
643 2771 675 2830 et
703 2762 824 2848 agendi
854 2762 1022 2848 principiis
1049 2763 1259 2830 enucleandis
1287 2772 1488 2847 versaretur,
1524 2772 1622 2848 atque

271 2885 419 2952 latiorem
440 2884 550 2951 variae
573 2884 737 2951 doctrinae
760 2905 908 2970 campum
931 2882 1026 2950 sociis
1048 2884 1227 2951 studiorum
1249 2885 1393 2971 aperuit,
1419 2886 1474 2970 qui
1496 2886 1620 2952 eisdem

271 3006 388 3090 quibus
410 3005 626 3090 cognoscendi
649 3004 789 3073 studium
812 3005 929 3071 finibus
955 3005 1195 3087 terminaretur,
1229 3006 1283 3071 vix
1312 3005 1382 3071 fieri
1412 3007 1516 3091 potnit
1544 3007 1621 3090 quin

270 3135 336 3195 tres
358 3127 437 3193 illae
459 3127 598 3213 priorum
627 3126 888 3212 philosophorum
917 3132 1025 3211 partes
1047 3147 1069 3192 a
1095 3125 1205 3192 multis
1234 3127 1443 3209 reicerentur,
1476 3135 1512 3194 ut
1538 3148 1621 3212 qnae

271 3249 444 3316 adauctam
467 3247 704 3334 philosophiam
728 3254 760 3314 et
780 3246 1009 3332 amplificatam
1024 3268 1088 3313 non
1109 3254 1209 3314 totam
1224 3248 1524 3333 complecterentur.
1572 3250 1623 3314 lta

272 3370 449 3437 rhetoricae
472 3390 544 3436 curn
567 3374 673 3436 certus
694 3369 785 3435 locus
807 3388 870 3434 non
892 3368 1135 3453 relinqueretur,
1160 3368 1232 3454 ipsc
1247 3369 1438 3436 Aristoteles
1454 3390 1526 3435 eam
1541 3390 1622 3435 exn-

272 3494 340 3559 lare
363 3510 479 3578 passus
502 3497 568 3575 est,
601 3491 679 3557 licet
700 3488 788 3556 civili
816 3489 900 3576 parti
929 3509 1000 3556 eam
1030 3490 1169 3557 adtinem
1197 3489 1368 3556 iudicaret.
1416 3490 1476 3557 Oui
1499 3490 1622 3556 incom-

272 3614 367 3681 modo
382 3612 480 3680 Stoici
502 3611 625 3678 mederi
647 3610 848 3678 studuerunt.
887 3611 1014 3677 Novam
1035 3611 1134 3696 igitur
1156 3611 1360 3697 disciplinam
1383 3611 1616 3697 excogitarunt,

272 3756 356 3820 quae
378 3742 411 3802 et
432 3733 635 3800 dialecticam
658 3739 691 3800 et
712 3731 901 3799 rhetoricam
920 3734 1177 3819 amplecteretur,
1203 3732 1297 3817 eique
1313 3753 1402 3800 exre
1418 3732 1621 3819 aptissimum

272 3878 389 3924 nornen
417 3860 540 3943 λογικῆς
568 3853 771 3922 indiderunt:
812 3848 899 3941 λόγος
929 3854 1031 3937 enim,
1066 3853 1117 3921 cni
1144 3854 1302 3921 vocabulo
1329 3854 1415 3939 qnod
1442 3855 1539 3941 plane
1570 3874 1622 3920 re-

274 3978 432 4064 spondeat
453 3983 582 4062 egestas
603 3976 735 4060 linguae
754 3975 890 4042 Latinae
912 3975 1105 4059 nonhabet,
1130 3997 1194 4042 non
1216 3975 1322 4042 minus
1344 3975 1486 4043 alternos
1508 3974 1621 4062 dispu-

271 4100 407 4167 tantium
431 4117 594 4165 sermones
615 4118 712 4182 quam
735 4096 910 4164 orationem
932 4096 1115 4163 continuam
1137 4097 1368 4183 complectitur.
1415 4099 1504 4164 llaec
1526 4097 1621 4165 eredo

273 4228 344 4288 erat
372 4219 525 4307 primaria
552 4238 653 4285 causa
681 4239 764 4303 qnae
786 4219 948 4285 Zenonem
977 4217 1106 4303 impulit
1134 4224 1170 4284 ut
1198 4217 1320 4303 primns
1349 4222 1470 4304 λογικῆς
1492 4218 1621 4285 nomine

272 4342 316 4409 ad
338 4347 461 4428 partem
477 4340 620 4426 aliquam
642 4340 869 4426 philosophiae
884 4337 1119 4424 designandam
1135 4343 1294 4418 uteretur;
1320 4338 1510 4423 videturque
1525 4337 1621 4405 huius

272 4464 320 4531 rei
347 4462 487 4529 rationes
514 4462 549 4528 in
576 4482 614 4529 eo
644 4481 740 4548 opere
768 4459 970 4544 exhibuisse,
1008 4459 1060 4527 cui
1092 4457 1160 4546 περὶ
1193 4453 1284 4546 λόγου
1316 4459 1503 4544 inscriptum
1537 4467 1616 4526 erat.

272 4584 462 4652 Cleanthem
482 4583 517 4650 in
539 4583 600 4650 hac
622 4604 656 4650 re
678 4581 768 4649 utin
790 4580 865 4648 aliis
880 4601 944 4647 non
966 4581 1093 4648 videtur
1107 4580 1337 4649 assentientem
1358 4580 1522 4647 habuisse.
1570 4581 1621 4647 Ab

271 4705 517 4790 insequentibus
554 4710 661 4771 autem
698 4704 816 4772 Stoicis
852 4704 899 4771 ita
930 4704 1083 4790 probatus
1116 4710 1181 4787 est,
1218 4709 1254 4769 nt
1285 4702 1365 4768 haec
1397 4701 1621 4788 philosophiae

271 4826 400 4913 partitio
434 4824 539 4910 magis
569 4825 737 4910 magisque
769 4825 983 4891 invalesceret
1015 4830 1048 4891 et
1073 4824 1158 4890 ultra
1184 4822 1362 4892 Stoicorum
1391 4822 1547 4889 familiam
1577 4822 1619 4889 ad

271 4948 353 5014 alios
375 4966 501 5032 quoque
529 4945 737 5032 philosophos
766 4951 1010 5032 propagaretur.
1057 4944 1095 5010 ln
1124 4944 1242 5029 quibus
1264 4943 1495 5029 Peripateticos
1518 4943 1619 5010 fuisse

271 5069 337 5135 iam
359 5068 511 5153 vidimus,
536 5087 639 5153 eaque
662 5087 696 5134 re
718 5067 787 5135 iure
811 5066 926 5134 offensi
949 5085 1071 5152 sumus,
1097 5065 1193 5150 quod,
1220 5064 1246 5132 si
1261 5064 1481 5134 Aristotelium
1500 5086 1619 5133 morem
