4118 6240
476 629 535 691 172
1034 624 1067 678 s.
1089 621 1256 679 souonnn

471 816 579 882 ἔτιιδέ
609 814 660 882 καί
688 813 725 880 τὰ
754 821 879 880 τοιαῦτα
909 811 1182 899 κατασκευάσματα
1204 812 1342 900 χρήσιμα
1364 809 1436 898 πρὸς
1459 808 1511 896 τὴν
1536 812 1740 898 δημοκρατίαν
1763 807 1815 875 τίν

472 933 629 1023 τοιαύτην,
663 936 708 1010 οἷς
739 934 926 1021 Κλεισθένης
956 961 987 1001 τε
1011 931 1172 1022 Ἀθήνησιν
1207 930 1358 1020 ἐχρήσατο
1392 929 1571 1020 βουλόμενος
1606 927 1815 1017 αδίησαιτην

473 1059 694 1146 δημοκρατίαν,
720 1058 861 1144 καὶπερὶ
886 1053 1026 1144 Κυρήνην
1051 1059 1078 1120 οἱ
1102 1053 1151 1120 τὸν
1176 1059 1271 1141 δῆμον
1288 1052 1501 1128 «καθιστάντες.
1549 1056 1666 1141 φυλαί
1689 1079 1725 1119 τε
1747 1050 1815 1140 γὰρ

470 1184 606 1267 ἕτεραι
627 1182 811 1265 ποιητέαι
832 1180 992 1251 πλείους
1016 1178 1080 1243 καί
1104 1177 1287 1264 φατρίαι,
1315 1175 1383 1241 καί
1405 1173 1447 1241 τὰ
1472 1181 1541 1240 τὼν
1567 1178 1674 1240 ἰδίων
1700 1177 1815 1262 ἱερῶν

471 1304 685 1367 συνακτέον
715 1304 771 1374 εἰς
801 1298 915 1386 ὀλίγα
946 1300 1009 1365 καί
1040 1296 1164 1364 κοιναί·
1205 1299 1255 1363 καί
1284 1295 1382 1362 πάντα
1411 1299 1567 1384 σοφιστέον
1597 1291 1677 1370 δ’ττιυς
1708 1291 1743 1361 διν
1770 1289 1816 1361 δτι

472 1419 602 1508 μάλιστα
625 1421 818 1510 ἀναμιχθῶσι
839 1417 946 1495 πάντες
970 1417 1125 1507 ἀλληλοις,
1153 1423 1183 1486 αἱ
1208 1419 1240 1486 δέ
1265 1415 1423 1504 συνήθειαι
1446 1422 1663 1505 διαζευχθῶσιν
1688 1421 1719 1483 αί
1741 1414 1815 1505 τρο-

472 1570 557 1631 τεραι
615 1544 749 1610 Constat
777 1565 817 1609 ex
847 1544 906 1609 hoe
936 1544 1006 1609 loco
1035 1542 1217 1626 gravissimi
1240 1541 1379 1607 auctoris
1402 1580 1444 1588 —
1467 1540 1552 1624 quod
1575 1540 1696 1605 dudum
1719 1540 1815 1604 iutel-

470 1667 587 1732 leetum
611 1665 811 1731 aBoeohhio
833 1665 973 1747 aliisque
996 1663 1135 1729 mirabili
1159 1683 1316 1728 consensu
1340 1663 1504 1746 aspernati
1528 1668 1602 1727 sunt
1624 1661 1814 1744 quicumque

468 1787 692 1871 antiquitatum
716 1786 911 1854 Graecarum
934 1785 1098 1850 volumina
1120 1790 1366 1869 composuerunt
1389 1820 1430 1829 -
1453 1783 1588 1849 Athenis
1610 1805 1630 1847 a
1650 1783 1814 1848 Clisthene

468 1929 532 1973 non
562 1907 656 1973 modo
685 1909 822 1973 tribuum
855 1927 963 1972 verum
994 1907 1091 1972 etiam
1120 1906 1335 1991 phratriarum
1365 1914 1397 1971 et
1427 1925 1593 1970 numerum
1624 1912 1750 1969 auctum
1784 1910 1816 1969 et

469 2029 689 2096 condicionem
720 2035 874 2095 mutatam
905 2047 987 2094 esse.
1036 2029 1115 2094 Cum
1147 2048 1186 2092 ea
1216 2034 1322 2092 autern
1350 2027 1524 2092 mutatione
1554 2026 1587 2091 id
1617 2027 1721 2110 ipsum
1746 2032 1814 2090 arte

469 2151 620 2217 cohaeret
653 2149 737 2234 quod
771 2148 883 2215 eodem
919 2150 1064 2233 exemplo
1098 2148 1204 2213 firmat
1226 2148 1415 2213 Aristoteles
1449 2144 1486 2211 τὰ
1519 2151 1576 2211 τῶν
1612 2147 1692 2211 ἰδίων
1729 2149 1813 2232 ἱερῶν

472 2273 632 2336 συνακτέον
663 2272 706 2344 εἰς
736 2267 825 2355 ὀλίγα
848 2269 899 2334 καί
924 2269 1022 2335 κοιναί.
1069 2270 1162 2348 Quod
1184 2269 1260 2353 quid
1283 2269 1344 2334 sibi
1369 2271 1477 2346 vellet,
1505 2267 1675 2334 nernodum
1699 2268 1815 2352 proba-

470 2393 577 2458 biliter
599 2391 799 2478 explanavit.
832 2391 988 2456 Nimirum
1012 2388 1075 2455 ’ίδια
1098 2399 1131 2456 et
1152 2386 1237 2455 κοινοί
1260 2411 1322 2455 non
1346 2391 1472 2455 diverso
1496 2389 1589 2454 modo
1612 2390 1815 2471 distinguun-

468 2522 520 2580 tur
548 2521 644 2596 atque
673 2513 705 2578 in
736 2513 792 2578 illo
815 2513 907 2578 titulo
930 2512 1132 2595 Clytidarum
1155 2513 1317 2577 Chiorum.
1365 2513 1465 2576 Sacra
1487 2519 1594 2576 autem
1618 2512 1742 2596 priuata
1765 2512 1814 2575 fa·

469 2635 629 2700 miliarum
652 2641 684 2700 et
705 2634 849 2718 gentium
873 2633 1027 2698 nobilium
1052 2633 1232 2698 eommunia
1256 2633 1381 2699 reddita
1404 2641 1477 2697 sunt
1500 2633 1553 2709 ita,
1582 2640 1615 2697 ut
1630 2633 1693 2697 ianr
1711 2652 1814 2696 novae

468 2755 641 2841 phratrias
661 2755 712 2820 cui
723 2755 795 2840 ipsa
806 2775 887 2838 gens
899 2755 1053 2819 attributa
1065 2761 1123 2833 est,
1142 2775 1213 2819 cum
1227 2754 1321 2819 sociis
1334 2754 1480 2818 omuibus
1492 2754 1811 2819 comnmuicareutur.

470 2875 596 2942 Etenim
619 2875 651 2940 iu
674 2875 835 2960 phratrias
857 2874 1061 2941 Clistheneas
1091 2896 1161 2940 cum
1185 2883 1310 2941 veteres
1333 2883 1448 2957 gentes
1471 2875 1625 2960 patriciae
1648 2883 1714 2940 tum
1739 2876 1814 2939 reli-

469 3017 552 3081 quae
575 2995 719 3061 familiae
742 2995 870 3076 civium,
896 2996 1011 3079 quibus
1034 3004 1090 3061 erut
1111 2998 1203 3062 nulla
1225 3017 1306 3079 gens
1328 3004 1384 3061 aut
1406 2997 1479 3063 ficta
1502 3003 1599 3077 esset,
1625 2995 1814 3061 distributae

470 3124 544 3184 sunt
565 3155 608 3164 —
630 3137 692 3200 quo
715 3123 840 3201 spectat
862 3117 932 3198 lex,
967 3116 1155 3182 Clisthenes
1183 3119 1309 3202 opinor,
1343 3124 1469 3182 servata
1494 3138 1514 3180 a
1537 3117 1724 3183 Philochoro
1747 3115 1814 3191 τοδς

471 3236 503 3303 δέ
533 3235 686 3325 φράτερας
716 3233 882 3322 ἐπάναγκες
911 3240 1059 3324 δέχεσθαι
1089 3238 1139 3302 καὶ
1167 3236 1235 3311 τούς
1264 3235 1414 3325 δργεώνας
1443 3235 1492 3302 καί
1515 3236 1581 3311 τοὺς
1605 3235 1814 3325 ὁμογάλακτας

474 3359 617 3440 (Photius
645 3381 676 3423 v.
702 3355 870 3445 ὸργεώνες).
918 3358 996 3423 Inde
1027 3379 1103 3423 uero
1130 3360 1359 3424 consectarium
1391 3368 1476 3440 erat,
1510 3368 1543 3424 ut
1572 3360 1812 3426 insacietatem
1891 3383 1894 3391 ·

469 3479 858 3565 sacrorumpatriciorum
882 3479 978 3544 etiarn
1001 3480 1107 3564 plebei
1131 3480 1297 3564 phrateres
1320 3488 1520 3546 recurrentur.
1560 3483 1664 3563 Atque
1688 3482 1734 3546 sio
1757 3482 1814 3546 de-

470 3622 557 3667 mum
584 3600 765 3686 explicatur
791 3620 853 3683 quo
875 3600 944 3665 iure
968 3601 1146 3666 Aeschines
1169 3601 1388 3666 aduersarium
1412 3602 1474 3686 ipsi
1498 3601 1626 3685 generis
1650 3602 1815 3668 humilita-

468 3728 531 3787 tem
555 3722 799 3804 exprobrantem
823 3721 1019 3787 refutaturus
1041 3722 1082 3787 de
1106 3741 1140 3786 se
1164 3722 1330 3805 praedicet
1352 3721 1429 3787 εἶναι
1452 3726 1486 3787 ἐκ
1509 3724 1655 3809 φρατρίας
1679 3720 1813 3808 τὸγένος

469 3835 488 3926 ἣ
520 3845 579 3905 τῶν
609 3837 707 3907 αὐτῶν
740 3846 846 3930 βωμῶν
867 3839 1114 3930 Ἐτεοβουτάδαις
1145 3845 1283 3931 μετέχει,
1317 3838 1387 3908 ὅθεν
1410 3841 1428 3930 ἡ
1452 3849 1504 3929 της
1525 3840 1651 3929 Ἀθηνᾶς
1675 3849 1726 3930 της
1752 3845 1815 3908 llo-

469 3959 573 4036 λιάδος
596 3959 674 4027 ἐστίν
698 3964 794 4049 ἱέρεια
823 3967 862 4047 γλ,
893 3968 977 4046 147).
1024 3964 1297 4030 Eteohutadarum
1321 3965 1419 4049 igitur
1440 3965 1684 4048 antiquissimae
1708 3966 1814 4049 gentis

469 4085 534 4150 aris
564 4084 710 4169 quamvis
738 4085 878 4169 ipsorum
909 4105 1003 4151 curae
1028 4086 1135 4169 utique
1159 4086 1279 4151 relictis
1302 4123 1344 4133 -·
1366 4107 1469 4170 neque
1492 4087 1576 4151 enim
1601 4087 1671 4151 iura
1694 4095 1726 4152 et
1748 4087 1815 4172 pri-

379 4212 389 4236 *
469 4204 591 4289 vilegia
619 4206 762 4288 gentium
790 4205 1038 4271 sacerdotalium
1062 4207 1259 4272 sustulerant
1281 4207 1494 4273 Athenienses
1516 4247 1570 4290 -,
1597 4217 1704 4274 tamen
1728 4229 1815 4273 com-

472 4327 610 4392 muniter
642 4326 739 4391 etiam
772 4325 938 4410 phrateres
972 4327 1112 4391 universi
1146 4329 1329 4392 utebantur.
1382 4328 1453 4406 Qua
1486 4329 1607 4394 ratione
1642 4350 1713 4395 cum
1748 4331 1815 4395 lieri

468 4455 607 4531 nequeat
628 4447 705 4528 quin
727 4446 917 4530 gentilitatis
941 4455 973 4512 et
995 4468 1097 4513 nexus
1121 4449 1265 4513 solvatur
1287 4457 1318 4514 et
1341 4449 1389 4513 vis
1413 4449 1614 4531 debilitetur,
1647 4451 1741 4516 facile
1765 4451 1816 4516 in-

469 4568 630 4652 tellegitur
663 4588 725 4651 quo
758 4568 893 4633 consilio
926 4568 960 4633 in
988 4569 1208 4634 instrumentis
1237 4570 1401 4654 popularis
1431 4570 1558 4656 imperii
1588 4572 1814 4637 corroborandi

470 4689 529 4756 hoc
551 4710 677 4774 quoque
700 4689 741 4753 ab
765 4689 936 4754 Aristotele
960 4696 1141 4755 censeatur.

532 4810 647 4889 ‘Quod
683 4816 790 4875 autem
828 4809 869 4874 ab
907 4809 1020 4875 eodem
1055 4808 1237 4876 Clisthenes
1274 4811 1307 4875 in
1341 4812 1536 4896 pauciora
1570 4821 1603 4879 et
1636 4815 1816 4879 communia

469 4921 614 5015 coegisse
637 4950 731 4996 sacra
753 4930 878 5014 privata
901 4930 1027 5011 dicitur,
1054 4931 1185 4997 nonita
1206 4932 1428 5017 accipiendum
1451 4941 1517 5014 est,
1545 4936 1638 5016 quasi
1661 4935 1718 5001 ille
1740 4937 1816 5001 reli-

469 5053 591 5136 giones
612 5051 754 5136 privatas
783 5050 867 5116 ullas
898 5052 1074 5119 sustulerit.
1126 5054 1243 5117 Verum
1274 5073 1315 5118 ex
1344 5075 1461 5138 magno
1492 5075 1623 5122 numero
1654 5076 1815 5122 sacrorum
