4118 6240
469 658 529 717 132
774 654 806 708 F.
826 653 943 710 BLASS
961 650 1225 710 llllSCELLANEA
1244 650 1502 707 EPIGRAPHICA

467 851 500 910 et
518 846 549 907 Δ
569 844 776 928 compositam
793 864 865 910 esse
882 843 1002 927 dicant,
1028 843 1211 928 conspirare
1228 864 1299 908 cum
1316 843 1363 909 eis
1383 861 1466 925 quae
1482 840 1522 906 de
1538 840 1570 904 vi
1594 839 1663 905 eius
1686 838 1812 903 litterae

464 965 548 1030 tituli
572 965 718 1031 doceant.

551 1086 615 1170 §tu
656 1087 791 1151 Boeotos
812 1086 845 1150 in
867 1086 1005 1151 virorum
1035 1084 1217 1150 nominibus
1247 1083 1507 1170 hypomnisticis,
1539 1102 1622 1165 quae
1651 1083 1813 1165 ceteroqui

465 1205 506 1270 ad
528 1226 672 1271 normam
695 1207 856 1273 nominum
880 1206 912 1271 in
936 1231 1007 1287 -εις,
1040 1231 1102 1279 -roe
1130 1205 1244 1289 (Attice
1267 1232 1338 1291 -ης,
1371 1207 1449 1286 -ους]
1477 1203 1659 1286 flectantur,
1697 1206 1726 1266 Σ
1754 1223 1813 1268 no-

464 1327 617 1392 minativo
639 1326 806 1392 detrahere
829 1327 939 1392 solitos
962 1347 1044 1392 esse.

551 1448 615 1532 §tt
655 1449 783 1513 Titulus
806 1447 923 1529 Chius,
957 1468 1050 1532 quem
1079 1447 1167 1533 apud
1196 1467 1256 1513 nos
1286 1447 1407 1531 primus
1429 1448 1465 1512 P.
1491 1447 1597 1513 (lauet
1621 1446 1653 1511 in
1677 1445 1811 1511 Delectu

463 1569 705 1653 inscriptionum
729 1568 925 1634 Graecarum
949 1568 1060 1649 edidit,
1087 1568 1275 1634 emendatur
1297 1575 1329 1634 et
1350 1568 1541 1653 explicatur.

550 1690 613 1773 §t
654 1689 770 1772 Agitur
791 1688 832 1755 de
856 1689 1022 1754 Laconicis
1044 1690 1145 1754 titulis
1167 1690 1210 1755 ad
1231 1690 1413 1756 Taenarum
1436 1689 1585 1754 inventis.

550 1811 613 1894 §8.
655 1808 817 1888 'lissinis
840 1810 1023 1893 genetivum
1047 1811 1080 1875 in
1104 1811 1282 1894 Corcyraeo
1307 1810 1400 1876 titulo
1422 1810 1613 1876 Menecratis
1635 1809 1715 1875 nihil
1738 1829 1810 1876 esse

464 1932 526 1997 nisi
549 1932 683 1996 sormam
707 1931 865 2015 poetieam
889 1931 931 1997 ab
954 1930 1024 2015 ipso
1047 1938 1177 1996 auctore
1200 1930 1269 1996 eius
1291 1931 1443 2014 poematii
1466 1931 1644 1997 confictam.

979 2193 1290 2201 ———-—.—

1036 2467 1232 2550 Addenda.

545 2640 591 2697 Ad
611 2643 661 2708 §¹-
676 2643 701 2696 2.
716 2644 741 2693 t.
767 2641 809 2696 De
829 2642 952 2696 dialecto
970 2641 1135 2697 Thessalica
1152 2656 1241 2711 nuper
1259 2642 1374 2711 scripsit
1392 2642 1566 2697 Hennannus
1584 2660 1611 2699 v.
1627 2642 1656 2698 d.
1671 2640 1808 2699 Ptordten

461 2728 609 2791 (blonnehii
632 2730 716 2788 teter.
755 2727 786 2782 ln
811 2743 845 2782 ea
869 2729 1104 2783 commentatione
1128 2728 1265 2798 quaedam
1288 2744 1322 2782 ex
1346 2729 1388 2782 eis
1412 2745 1484 2799 quee
1509 2730 1570 2798 ipse
1594 2730 1727 2799 proposui
1751 2730 1806 2784 iam

459 2815 536 2869 dicta
558 2822 632 2869 sunt.
670 2815 714 2868 De
733 2815 793 2866 ἐττᾶ
810 2814 921 2869 Keilins
943 2813 1039 2875 tlnser.
1059 2814 1157 2868 Thess.
1179 2821 1236 2869 tres
1254 2831 1282 2884 p.
1305 2818 1362 2878 til:
1395 2819 1464 2883 ‘ego
1483 2815 1552 2879 ἐττᾶ,
1572 2815 1602 2869 id
1620 2820 1652 2870 ut
1669 2824 1747 2871 esset
1765 2816 1806 2869 ἐπὶ

456 2902 497 2972 τᾷ,
517 2917 572 2955 non
591 2918 651 2955 sum
670 2917 756 2955 ansrrs
774 2901 953 2971 relinquere'.

544 2986 590 3042 Ad
610 2989 622 3054 p
642 2992 656 3039 5
676 3004 702 3056 p.
720 2989 777 3043 tro.
810 2987 1020 3042 Orchomenium
1046 2989 1173 3051 titulum,
1200 2989 1248 3058 qui
1273 2989 1386 3044 circiter
1404 3006 1430 3043 a.
1445 2990 1494 3040 330
1513 2995 1646 3045 exaratus
1670 2998 1728 3051 est,
1754 3007 1806 3046 uu·

456 3088 507 3141 per
530 3074 621 3128 edidit
640 3074 762 3129 Forrcart
786 3074 861 3127 Ball.
883 3075 915 3127 cle
932 3090 1000 3127 corr.
1020 3075 1084 3127 loll.
1105 3075 1162 3138 111,
1183 3077 1197 3124 l
1217 3092 1244 3144 p.
1265 3077 1324 3127 452.
1371 3075 1472 3129 Exstat
1490 3075 1530 3129 ibi
1549 3093 1576 3130 v.
1597 3078 1613 3127 l
1634 3078 1807 3144 ....ΙΠΙ”ἘΙ-

458 3163 696 3225 ΘΙΟΓΙΤΟΝΙΟΣ;
718 3161 759 3214 ita
776 3160 830 3214 iam
850 3175 952 3215 novum
971 3162 1127 3231 exemplum
1141 3161 1271 3224 accessit,
1292 3160 1367 3231 qnod
1381 3162 1521 3230 prioribus
1533 3177 1648 3230 prorsus
1660 3164 1806 3217 consimile

383 3305 386 3310 .
457 3253 508 3299 est.
556 3247 636 3312 erod
664 3247 692 3300 in
719 3247 936 3316 transcriptione
963 3248 1128 3302 minusculis
1155 3247 1258 3302 litteris
1285 3247 1361 3302 laeta
1381 3253 1542 3312 ...ressrtel
1573 3249 1681 3312 editur,
1711 3264 1805 3304 errore

456 3331 560 3386 loetum
580 3348 643 3386 esse
661 3334 783 3388 videtur.
822 3333 959 3387 Numerus
978 3333 1134 3387 litterarum
1153 3349 1225 3403 quae
1243 3334 1448 3388 interciderunt
1465 3333 1576 3389 definiri
1594 3334 1699 3404 nequit.

542 3418 590 3473 Ao
609 3421 650 3486 §5
669 3436 696 3489 p.
713 3421 760 3471 127
780 3438 807 3475 v.
823 3421 848 3473 s.
880 3419 1061 3473 Memorabile
1080 3420 1235 3489 exemplum
1254 3420 1416 3490 duplicatae
1434 3435 1574 3474 consonae
1590 3423 1634 3477 est
1653 3422 1681 3474 in
1701 3418 1805 3493 Μέκγας

455 3506 574 3568 nomine,
596 3506 670 3575 qnod
689 3506 780 3574 patrio
800 3521 867 3559 casu
890 3503 1012 3577 [llll-apae)
1033 3506 1077 3560 bis
1096 3507 1218 3574 positum
1237 3512 1282 3561 est
1296 3507 1325 3560 in
1336 3508 1392 3561 alio
1405 3507 1489 3561 titulo
1502 3506 1686 3562 Orchomenio
1698 3508 1804 3563 ibidem

455 3591 491 3645 ab
510 3592 608 3646 eodem
627 3593 705 3647 edito
728 3599 761 3660 tp.
776 3594 836 3653 ste,
852 3609 879 3645 v.
894 3596 910 3640 u
923 3599 988 3662 sept.
1022 3592 1182 3647 Formatum
1201 3600 1245 3647 est
1263 3608 1298 3647 ex
1312 3594 1422 3663 integro
1434 3594 1485 3647 tali
1499 3595 1580 3663 qrrsle
1594 3600 1640 3648 est
1652 3591 1800 3665 Μεγακλῆς.

454 3677 510 3731 Cur
527 3694 582 3732 non
598 3680 725 3749 potuerit
742 3679 825 3734 scribi
846 3675 959 3750 Μὲγγας,
981 3679 1076 3734 statim
1094 3680 1272 3748 perspicitur.
