4118 6240
489 674 703 730 HlERONYMI
721 672 855 729 RHODII
873 672 1140 730 PERlPATETlCI
1159 669 1393 729 FRAGMENTA
1573 672 1614 734 93

265 888 366 951 τησεν.
413 860 489 951 ἡδὲ
511 863 651 951 παλλακὴ
675 867 717 938 εἰς
740 866 837 952 φρέαρ
863 861 973 950 ἑαυτὴν
1002 863 1133 951 ἔρριψεν.
1182 865 1292 950 ἱστορεῖ
1320 862 1354 928 δὲ
1371 857 1546 950 Ἱερώνυμος
1576 863 1614 926 ἐν

265 990 315 1072 τῷ
344 985 446 1073 περί
460 990 805 1074 τραγῳδιοποιῶν,
839 981 1009 1057 ἀπεικάζων
1031 982 1146 1057 τούτοις
1168 980 1217 1049 τὸν
1241 980 1405 1071 Εὐριπίδου
1428 982 1569 1048 Φοίνικα.

352 1107 437 1172 Male
460 1107 688 1191 Bemlrardyus
716 1128 778 1172 non
807 1127 847 1173 ea
877 1127 960 1191 quae
988 1125 1049 1191 ego
1075 1105 1166 1171 uncis
1189 1105 1304 1170 inclusi
1327 1104 1385 1170 sed
1406 1105 1506 1171 verba
1524 1100 1612 1167 Ἀνα-

264 1223 403 1314 γυράσιοι
426 1228 459 1294 δὲ
480 1266 524 1276 --
549 1221 640 1300 άλσος
663 1228 834 1294 eximenda
857 1247 929 1293 esse
951 1226 1125 1293 arbitratus
1148 1232 1212 1292 est:
1253 1225 1347 1308 quasi
1369 1225 1436 1291 illis
1458 1219 1613 1311 ἐτιμωρέ-

266 1373 339 1412 σατο
358 1345 516 1437 Ἀνάγυρος
539 1342 621 1435 ἥρως
644 1349 823 1415 continuari
845 1353 977 1434 possent
999 1347 1098 1413 verba
1127 1342 1142 1412 ‘o
1173 1346 1212 1412 δὲ
1244 1352 1286 1435 τῷ
1309 1348 1365 1434 υἱῷ
1387 1351 1452 1413 κτλ.

350 1471 454 1555 Magis
477 1477 631 1536 onomata
653 1470 813 1536 enarratio
835 1469 931 1535 huius
955 1468 1095 1551 fabulae,
1122 1467 1163 1533 de
1178 1489 1242 1552 qua
1257 1468 1410 1534 disseruit
1423 1467 1614 1532 Welclrerns

264 1591 316 1654 dic
335 1591 454 1677 qriecd.
485 1595 579 1677 Troy.
607 1613 638 1677 p.
663 1595 742 1673 804,
776 1611 816 1656 ex
846 1590 949 1656 lexico
972 1589 1168 1655 Coisliniano
1198 1595 1325 1674 sumpta
1354 1588 1473 1671 legitur
1493 1587 1526 1652 in
1554 1608 1614 1672 pa-

265 1712 578 1797 roemiographorum
602 1711 680 1778 edit.
706 1712 848 1795 Gotting.
873 1712 889 1775 Ι
911 1731 943 1795 p.
971 1714 1032 1774 219
1049 1729 1096 1794 sq.
1136 1706 1348 1797 Ἀναγυράσιος
1379 1709 1503 1794 δαίμων.
1543 1702 1614 1773 δταν

264 1829 385 1920 χαλεπή
407 1858 451 1906 τις
473 1829 549 1919 τύχη
573 1831 624 1897 καί
646 1829 764 1920 πονηρά
786 1831 932 1919 δυστυχία
953 1831 1116 1918 κατασείση
1140 1836 1238 1896 πᾶσαν
1255 1829 1350 1896 οἰκίαν
1373 1825 1614 1915 άλλεπαλληλοις

265 1956 384 2036 δεινοῖς,
409 1949 429 2040 ἡ
452 1954 598 2042 παροιμία
621 1955 751 2040 λέγεται.
799 1952 873 2041 φασί
902 1949 959 2040 γάρ
988 1954 1131 2039 γενέσθαι
1159 1949 1226 2017 τινὰ
1251 1949 1383 2040 γεωργὸν
1406 1955 1437 2017 ἐν
1460 1957 1503 2039 τῷ
1522 1947 1612 2017 Ἀνα-

264 2074 414 2162 γυρασίων
444 2074 552 2162 δήμῳ,
585 2075 682 2142 αἰτίαν
712 2073 822 2163 ἔχοντα
845 2073 1006 2162 ἐξυβρίζειν
1030 2076 1073 2148 εἰς
1095 2070 1145 2139 τὸν
1167 2075 1294 2160 πλησίον
1319 2075 1473 2161 ἱδρυμένον
1498 2068 1608 2160 βωμόν.

265 2191 312 2261 διὸ
341 2199 508 2284 συμφοραῖς
539 2193 588 2261 τὸν
619 2188 779 2282 άνθρωπον
809 2197 921 2268 δειναῖς
950 2199 1135 2282 περιπεσεῖν·
1167 2201 1284 2283 πρῶτον
1316 2195 1369 2281 μὲν
1399 2192 1455 2282 γάρ
1480 2190 1613 2281 ἀπέλαβε

268 2313 413 2405 (ἀπέβαλε
441 2338 504 2383 em.
529 2317 678 2401 Leutsclr)
705 2313 759 2403 την
781 2319 929 2402 γυναῖκα,
963 2319 993 2390 ἐξ
1014 2310 1050 2403 ἧς
1075 2313 1156 2405 αύτῷ
1185 2320 1255 2390 παῖς
1286 2311 1434 2403 ἐγεγόνει·
1468 2314 1533 2380 εἶτα
1562 2312 1613 2381 τὸν

232 2506 233 2510 ,
264 2435 328 2503 υίὸν
357 2434 495 2525 ἐπηρωσε
525 2440 654 2527 διαβολῇ
684 2440 802 2524 πλαστῇ
831 2443 884 2524 τῆς
908 2443 1051 2525 μητρυιᾶς
1072 2433 1283 2530 χρησάμενος·
1314 2434 1364 2503 καί
1391 2433 1493 2524 λαβὼν
1524 2432 1613 2503 αὐτὸν

264 2555 441 2647 ἀνεβίβασεν
464 2561 506 2633 εἰς
528 2555 684 2647 πλοιάριον
707 2557 759 2624 καί
782 2560 825 2631 είς
848 2556 957 2647 λυπρὸν
981 2560 1104 2646 ἐξέθηκε
1127 2559 1278 2644 νησίδιον·
1306 2557 1372 2624 εἶτα
1394 2554 1502 2624 ὀνείδει
1523 2583 1613 2624 κατε-

262 2676 391 2768 χόμενος
422 2676 510 2755 αύτύς
541 2705 573 2746 τε
602 2677 652 2745 καί
674 2675 693 2766 ἡ
717 2676 791 2766 γυνη
820 2675 898 2745 κατά
928 2685 1026 2745 πᾶσαν
1055 2678 1108 2767 τὴν
1133 2676 1220 2746 πάλιν
1250 2676 1338 2753 αὐτὸς
1361 2679 1414 2766 μὲν
1437 2679 1613 2765 συγκλείσας

263 2798 369 2867 ἑαυτὸν
400 2799 474 2887 μετὰ
502 2798 621 2867 πάντων
651 2807 707 2867 τῶν
733 2797 892 2887 κτημάτων
916 2804 947 2867 ἐν
969 2807 1006 2888 τῇ
1031 2802 1112 2887 οἰκίη
1133 2802 1184 2867 καί
1207 2805 1266 2889 πῦρ
1289 2796 1451 2888 ίιποβαλών
1473 2797 1610 2888 ἐκαύθη·
1643 2886 1653 2901 χ

262 2919 282 3008 ἡ
314 2922 347 2988 δέ
369 2920 443 3010 γυνη
470 2925 512 2997 εἰς
535 2924 633 3011 φρέαρ
656 2919 765 3009 έαυτην
788 2921 918 3011 ἔρριψεν.
966 2924 1080 3009 Inepta
1108 2931 1237 2989 exstant
1266 2922 1353 3008 apud
1376 2920 1611 3006 Diogenianum

262 3045 311 3109 ΙΙΙ
324 3047 360 3110 31
387 3045 540 3130 (Apostol.
557 3045 650 3129 1196)
669 3040 881 3132 Ἀναγυράσιος
896 3045 1032 3130 δαίμων·
1058 3040 1211 3129 ὠμότατος
1227 3040 1284 3131 γάρ
1301 3039 1317 3108 δ
1339 3040 1612 3132 Ἀναγυράσιος

261 3159 385 3240 οὗτος.
443 3167 570 3232 Fabula
606 3166 647 3232 ab
678 3165 874 3251 Hieronymo
911 3166 1015 3232 relata
1052 3172 1127 3231 nota
1163 3165 1264 3243 luisse
1301 3165 1429 3231 videtur
1462 3166 1609 3232 Aeliano.

260 3287 344 3352 Nam
368 3287 467 3353 verba
489 3308 510 3352 a
532 3287 634 3353 Suida
656 3305 684 3352 a.
701 3309 732 3353 v.
766 3284 883 3354 ἐναύειν
912 3287 1018 3372 posita
1045 3288 1073 3353 εί
1103 3286 1137 3351 δὲ
1163 3288 1301 3352 ἐντεῦθεν
1324 3281 1487 3374 Εὐριπίδης
1516 3290 1611 3353 ἐναυ-

261 3404 390 3494 σάμενος
404 3404 454 3473 τὸν
470 3403 559 3494 λύγον
576 3399 693 3474 άπαντα
709 3407 773 3474 εἶτα
790 3410 891 3496 μέντοι
906 3409 1027 3474 Φοίνικι
1042 3407 1239 3496 περιτίθησιν,
1263 3427 1345 3492 quae
1361 3428 1401 3474 ex
1416 3407 1611 3492 Hieronymo

260 3529 423 3615 exscripta
453 3548 525 3595 esse
553 3529 697 3615 'Poupius
725 3536 912 3615 putaverat,
946 3529 1082 3596 Aeliano
1104 3528 1267 3595 vindicata
1289 3535 1363 3594 sunt
1385 3529 1426 3595 ab
1448 3529 1611 3596 Herchero

265 3651 314 3734 (fr.
333 3654 396 3716 295
419 3650 472 3717 ed.
496 3650 614 3735 Paris,
641 3649 682 3716 cf.
709 3649 749 3715 fr.
768 3653 857 3736 316).
904 3649 1019 3716 Verbis
1046 3651 1162 3736 δαίμων
1181 3646 1393 3737 Ἀναγυράσιος
1419 3670 1502 3733 quae
1525 3651 1610 3718 unde

260 3779 388 3858 sumpta
415 3772 480 3839 sint
507 3771 669 3839 nescimus
699 3772 914 3838 calamitatem
942 3770 1154 3855 significatam
1177 3791 1250 3838 esse
1273 3771 1410 3838 similem
1434 3771 1504 3837 eius
1527 3784 1610 3855 qnae

260 3892 336 3958 olim
352 3893 496 3978 Anagyri
516 3892 674 3959 accidisse
696 3891 859 3959 ferebatur
881 3913 921 3957 ex
937 3892 1039 3958 Suida
1061 3891 1266 3978 perspicuum
1289 3898 1349 3958 est.
1389 3892 1470 3958 Miro
1491 3893 1610 3959 iudicio

259 4014 450 4082 Welckerus
473 4012 662 4080 daemonem
685 4013 846 4098 quendam
869 4013 1108 4098 Anagyrasium
1131 4013 1172 4079 ab
1194 4013 1348 4100 Anagyro
1370 4014 1466 4080 heroe
1489 4013 1611 4080 discer-

259 4137 400 4202 nendum
424 4154 496 4202 esse
519 4134 747 4221 pronuntiavit.

344 4257 428 4323 Ante
443 4256 673 4341 Hieronymum
698 4255 810 4322 fabula
824 4255 883 4321 illa
897 4254 1026 4322 disertis
1047 4254 1238 4322 testimoniis
1253 4276 1316 4322 non
1332 4263 1606 4324 commemoratur.

257 4377 443 4444 Tractatam
466 4397 537 4443 eam
559 4376 662 4443 luisse
684 4376 718 4442 in
733 4376 886 4462 Anagyro
902 4376 1070 4444 comoedia
1084 4377 1321 4462 Aristophanes
1342 4383 1434 4463 putat
1448 4378 1609 4464 Bergkiur

262 4499 421 4583 (Mainake
444 4498 560 4583 fragm.
579 4518 658 4564 eom.
679 4498 734 4563 Gr.
754 4498 787 4563 11
809 4519 841 4583 p.
860 4501 932 4584 959)
960 4498 1122 4582 utiturque
1145 4498 1189 4564 ad
1209 4498 1294 4565 hane
1316 4499 1507 4566 sententiam
1523 4519 1610 4566 eom-

259 4621 458 4706 probandam
480 4619 661 4703 fragmento
678 4619 747 4684 eius
769 4619 900 4685 fabulae
920 4619 960 4705 (7)
988 4619 1079 4685 euius
1101 4620 1201 4686 verba
1222 4627 1309 4686 sunt:
1343 4619 1416 4708 πρὸς
1438 4622 1527 4706 θεῶν,
1554 4624 1610 4711 ἐρᾷ

264 4740 385 4829 (ἔραμαι
406 4742 537 4824 Porsen)
569 4740 688 4826 τέττιγα
717 4742 824 4826 φαγεῖν
847 4737 897 4806 καί
926 4739 1084 4828 κερκώπην
1108 4742 1322 4828 θηρευσαμένη
1346 4745 1476 4832 καλαμῷ
1498 4746 1606 4829 λεπτῷ.

257 4862 370 4929 Dictos
397 4861 482 4929 enirn
512 4866 623 4928 censet
651 4861 710 4926 hos
739 4880 852 4926 versus
880 4883 900 4927 a
928 4861 1063 4928 muliere
1092 4861 1233 4949 privigni
1255 4883 1363 4930 amore
1385 4862 1542 4948 flagrante
1565 4864 1610 4930 si-

259 4983 394 5069 milique
423 4983 591 5050 Phaedrae
619 5002 702 5067 qnae
730 4981 818 5068 apud
847 4982 1032 5069 Euripidem
1067 4983 1174 5069 (Hipp.
1199 4985 1272 5069 219)
1311 4985 1488 5052 exclamat:
1535 4983 1609 5074 πρὸς
1672 4964 1675 4965 ⁷

262 5106 355 5192 θεῶν,
386 5104 500 5192 ἔραμαι
530 5101 597 5170 κυσί
624 5100 741 5176 θωΰξαι
769 5106 831 5169 κτλ.
876 5104 994 5170 Verum
1024 5104 1103 5170 satis
1132 5102 1290 5171 infirmam
1313 5125 1386 5172 esse
1408 5107 1492 5174 hane
1513 5128 1611 5193 argn-
