4206 6248
476 639 515 698 10
1003 635 1034 688 c.
1055 634 1297 691 wnonsunrn

475 823 570 903 vidit;
608 823 704 888 ctiam
736 824 925 890 Vaticanum
954 823 1046 889 illum
1075 844 1171 906 quem
1205 824 1263 889 ‘de
1293 823 1423 890 Stobaei
1452 824 1587 908 eclogis'
1618 845 1651 909 p.
1678 827 1773 887 2111.
1803 828 1816 886 1

474 943 654 1029 significavi
669 944 812 1010 Dilesius
827 951 964 1011 testatur
978 945 1160 1031 exemplum
1177 963 1249 1010 esse
1264 945 1407 1026 Maximi,
1434 945 1530 1030 plane
1554 944 1658 1010 simile
1681 943 1712 1010 ei
1734 943 1819 1027 quod

474 1087 514 1132 ex
537 1065 752 1131 Laurentiano
775 1065 824 1130 IX
846 1069 887 1131 29
910 1086 967 1150 per
989 1066 1193 1131 Dresslerum
1215 1065 1362 1131 innotuit.

561 1188 589 1268 5)
617 1185 784 1250 Maximi
818 1187 990 1270 ‘Eclogae’
1020 1186 1055 1251 in
1079 1190 1116 1250 71
1142 1186 1249 1270 capita
1272 1186 1437 1270 digestae,
1471 1185 1609 1251 traditae
1632 1205 1689 1270 per
1711 1184 1819 1251 diver-

475 1306 605 1372 sissima
627 1307 793 1391 exempla,
827 1307 861 1371 in
890 1306 1006 1391 quibus
1029 1313 1061 1372 et
1083 1306 1160 1372 ordo
1183 1313 1215 1372 et
1236 1325 1388 1373 numerus
1411 1306 1640 1372 sententiarum
1663 1306 1815 1371 variatur.

474 1427 614 1507 Quorum
637 1428 714 1493 duo
729 1427 835 1492 adhuc
850 1447 951 1510 usque
965 1427 1123 1513 impressa
1138 1435 1221 1494 sunt.
1263 1427 1416 1495 Oodioem
1431 1426 1697 1509 Mendoznae,
1724 1446 1818 1509 quem

475 1550 638 1615 Gesnerus
671 1549 704 1614 in
738 1548 878 1614 editione
911 1547 1055 1634 principe
1088 1547 1252 1633 adhibuit,
1289 1568 1482 1633 cognoscere
1512 1549 1588 1614 licet
1618 1569 1659 1614 ex
1688 1547 1818 1614 Ioannis

475 1669 630 1736 ltibitti
652 1668 796 1734 Sahaudi
818 1669 1078 1754 interpretatione
1101 1669 1202 1735 latina
1219 1669 1286 1735 illio
1301 1669 1424 1753 addita,
1450 1689 1522 1735 oum
1536 1670 1570 1734 in
1587 1669 1720 1735 Graecis
1736 1668 1820 1735 Ges·
1909 1725 1917 1742 ,

474 1811 569 1858 nems
582 1797 614 1856 et
624 1790 732 1856 omisit
742 1791 901 1875 permulto
917 1793 967 1874 (ea
981 1790 1089 1856 omnia
1105 1811 1188 1874 quae
1204 1790 1292 1876 apud
1302 1790 1476 1856 Antonium
1492 1810 1527 1856 se
1538 1792 1647 1874 legere
1663 1791 1816 1876 meminit)

474 1919 506 1978 et
528 1911 684 1978 nonnulla
706 1911 814 1978 aliena
835 1911 960 1978 invexit
993 1913 1042 1997 (ex
1066 1910 1176 1978 codice
1198 1912 1404 1995 Augustano,
1430 1918 1466 1978 ut
1488 1932 1515 1977 c.
1543 1916 1583 1977 46
1606 1919 1639 1978 05
1661 1917 1701 1976 54
1724 1912 1817 1978 binas

476 2033 605 2100 ultimas
628 2033 829 2115 sententias).
876 2034 1021 2100 Alterum
1052 2033 1213 2115 codicem,
1246 2032 1308 2098 sihi
1338 2053 1358 2098 a
1388 2032 1555 2099 sacerdote
1582 2033 1630 2100 de
1652 2033 1819 2099 Ballou-

476 2155 575 2222 dens
599 2153 882 2238 subministratum,
910 2155 968 2221 sed
990 2174 1137 2245 mancum
1160 2175 1252 2239 cnm,
1286 2154 1404 2239 quippe
1425 2154 1460 2219 in
1482 2174 1543 2237 quo
1567 2160 1600 2220 et
1621 2162 1691 2221 octo
1714 2155 1820 2240 capita

476 2277 582 2363 priora
610 2275 748 2359 nonique
778 2275 968 2361 principium
999 2283 1031 2342 et
1057 2295 1172 2341 novem
1195 2275 1303 2361 capita
1325 2275 1439 2340 ultima
1465 2276 1613 2358 (63--111
1639 2296 1678 2341 ac
1701 2278 1741 2339 62
1764 2296 1819 2341 ca-

475 2399 551 2484 pitis
566 2398 707 2463 maxima
721 2416 796 2482 pars
812 2399 864 2463 vel
881 2397 1062 2463 oblitterata
1077 2397 1131 2462 vel
1146 2415 1278 2482 prorsus
1293 2395 1461 2481 deperdita
1475 2396 1604 2480 fuerint,
1631 2417 1820 2483 repraesen-

475 2520 555 2586 tavit
577 2518 861 2586 Oombefisius
883 2518 917 2584 S.
940 2518 1072 2583 Maximi
1095 2517 1296 2584 Confessoris
1319 2518 1469 2584 editionis
1497 2522 1535 2600 [a.
1559 2521 1650 2605 16151
1677 2519 1740 2585 vol.
1760 2520 1818 2585 alt.

475 2663 508 2726 p.
534 2644 608 2724 560,
635 2643 675 2706 28
706 2660 809 2723 usque
832 2639 875 2705 ad
904 2662 937 2725 p.
963 2643 1037 2722 673,
1064 2641 1131 2724 8¹).
1178 2638 1365 2705 Cavendum
1394 2639 1494 2723 igitur
1524 2646 1590 2723 est,
1623 2662 1664 2707 ne
1693 2642 1728 2706 in
1750 2649 1819 2708 octo

475 2761 633 2848 prioribus
663 2768 696 2828 ct
723 2760 835 2827 decem
864 2760 987 2827 ultimis
1019 2761 1177 2846 capitibus
1200 2760 1358 2827 adhibeas
1381 2761 1668 2846 combefisianam,
1701 2764 1819 2849 quippe

475 2883 588 2968 inqua
610 2882 680 2949 sine
702 2883 813 2949 codice
835 2889 955 2949 temere
977 2883 1080 2947 multa
1100 2882 1373 2948 administraverit
1395 2881 1507 2964 editor,
1534 2883 1722 2968 plerumque
1744 2905 1821 2951 con·

475 3011 582 3071 tentus
604 3004 711 3070 omnia
733 3024 817 3086 quac
840 3002 927 3088 apud
949 3003 1128 3070 Gesnerum
1151 3003 1301 3085 deerant,
1332 3024 1372 3069 ex
1394 3004 1533 3070 Antonio
1556 3005 1735 3090 constipata
1757 3027 1820 3071 uno

476 3133 586 3191 tenore
615 3125 781 3191 addidisse
804 3126 856 3191 vel
878 3131 1006 3210 praeter
1027 3124 1247 3189 auctoritatem
1270 3124 1383 3189 Rihitti
1404 3124 1564 3191 interdum
1587 3124 1724 3192 adiectis
1747 3146 1821 3192 sen-

475 3246 596 3313 tentiis.
644 3247 755 3313 Obiter
784 3253 950 3332 praeterea
979 3246 1116 3312 relatum
1146 3251 1196 3311 est
1217 3266 1237 3310 a
1259 3245 1447 3328 Dresslero,
1476 3245 1735 3329 Tischendonio,
1769 3269 1821 3314 me

476 3369 546 3452 ipso
569 3368 610 3433 de
633 3367 815 3448 Cahirensi,
841 3366 1023 3448 Vaticanis,
1050 3367 1291 3449 Laurentianis,
1318 3366 1523 3433 Coislinianis
1546 3368 1620 3434 aliis
1643 3368 1817 3452 codicibus,

476 3489 602 3574 plenius
633 3496 799 3555 enarratus
822 3487 1001 3574 Lipsiensis
1031 3508 1051 3552 a
1074 3488 1316 3553 Westermanno
1345 3495 1581 3572 programmate
1604 3489 1764 3574 Lipsiensi
1786 3512 1817 3556 a.

480 3614 560 3675 18114
584 3617 681 3693 atque
697 3629 780 3675 unus
795 3608 970 3674 Vaticanus
986 3608 1107 3675 saeculi
1123 3609 1154 3691 X
1174 3608 1280 3692 (immo
1295 3608 1360 3673 XII
1368 3611 1390 3692 ²)
1410 3610 1451 3675 ab
1466 3610 1592 3693 Angelo
1607 3610 1692 3675 Maio
1708 3611 1816 3696 script.

476 3737 541 3796 vot.
565 3752 597 3796 n.
624 3731 698 3796 coll.
724 3753 756 3816 p.
781 3729 1074 3813 XXV-XXVIII,
1101 3732 1174 3811 521,
1202 3731 1275 3813 532,
1302 3733 1482 3812 535-541,
1510 3734 1696 3795 556-559;
1724 3751 1821 3798 accu-

478 3851 637 3917 ratissime
654 3852 792 3934 denique
809 3850 899 3933 duos,
926 3850 1249 3916 Laurentianum
1272 3851 1332 3916 Vll
1352 3856 1389 3914 15
1407 3871 1491 3918 saec.
1511 3851 1635 3916 X—XI
1658 3859 1690 3919 et
1711 3853 1820 3920 Nea-

477 3973 710 4058 politanum
733 3972 782 4036 llI
805 3972 831 4036 B
855 3974 895 4035 34
919 3991 1004 4037 saec.
1030 3971 1117 4053 XIV,
1143 3972 1291 4038 Erwinus
1313 3972 1454 4039 Rohde
1477 3974 1627 4056 contulit,
1661 3974 1715 4059 qui
1739 3974 1820 4042 lihe-

478 4093 588 4159 raliter
609 4093 688 4158 mihi
710 4092 884 4158 schedulas
907 4112 984 4158 suas
1006 4091 1145 4159 utendas
1168 4093 1343 4173 concessit,
1376 4093 1422 4159 ita
1452 4101 1486 4160 ut
1508 4094 1586 4159 mihi
1610 4094 1650 4161 dc
1673 4103 1822 4180 quattuor

478 4213 611 4279 Maximi
633 4214 790 4298 exemplis
812 4220 981 4280 constaret.

562 4335 720 4401 Antonius
743 4341 775 4400 et
789 4335 950 4401 Maximus
971 4333 1018 4400 ita
1040 4335 1176 4402 redeunt
1197 4336 1240 4401 ad
1262 4335 1400 4402 eundem
1424 4336 1554 4420 fontem,
1581 4342 1640 4403 τῶν
1663 4337 1822 4426 παραλλή-

478 4461 537 4522 ’101
560 4456 695 4539 librum,
728 4455 833 4540 quode
857 4455 925 4522 dixi
959 4455 1130 4522 ί(108501).
1156 4457 1277 4540 eclog'
1301 4479 1333 4543 p.
1360 4460 1412 4540 21,
1446 4465 1481 4525 05
1509 4460 1665 4525 ambobus
1695 4461 1822 4527 collatis

476 4577 564 4642 illius
595 4576 793 4642 collectionis
816 4583 848 4643 et
869 4577 1005 4642 materia
1027 4584 1059 4642 et
1081 4578 1279 4662 singulorum
1303 4578 1442 4664 capitum
1466 4579 1633 4664 dispositio
1656 4580 1723 4647 lere
1746 4601 1821 4666 pos-

476 4698 518 4764 sit
540 4697 675 4764 restitui.

564 4907 581 4967 11
603 4905 678 4959 Vido
697 4920 768 4974 quac
787 4905 848 4974 ipso
867 4906 998 4974 exposuit
1015 4907 1072 4962 vol.
1093 4907 1121 4961 ll
1139 4923 1167 4976 p.
1188 4909 1246 4972 119,
1269 4909 1318 4959 122
1337 4908 1401 4962 adn.
1418 4910 1459 4972 28,
1482 4908 1688 4962 1311111111121.

561 4992 580 5056 2)
601 4990 672 5044 Esso
691 4990 764 5044 enirn
783 5007 845 5044 eum
864 5009 891 5045 n.
912 4994 958 5044 111
982 4995 1074 5063 quode
1094 4995 1152 5049 dixi
1180 4993 1329 5050 ί(1085011.
1351 4993 1455 5062 oclog’
1475 5010 1501 5062 p.
1523 4996 1570 5058 21,
1596 5010 1669 5048 nuno
1694 4993 1817 5058 affirmo,

475 5079 543 5132 item
562 5077 702 5132 contendo
722 5083 820 5132 contra
839 5077 954 5141 Maium,
977 5094 1040 5133 cum
1059 5079 1232 5135 continuisse
1251 5082 1279 5130 11
1303 5082 1406 5149 capita.
