4206 6248
511 669 549 733 84
609 667 643 722 U.
663 667 840 723 KOEHLER
859 667 909 721 DE
928 635 1207 734 ANTIQDISSIMIS
1226 668 1379 725 nummus
1397 666 1599 723 HELLENICI
1618 666 1776 724 SEDIBUS

507 858 590 922 telas
613 878 685 923 cum
709 857 831 923 diluvio
854 858 1027 942 coniungit,
1054 858 1209 924 Dodonae
1232 858 1352 924 cultum
1375 859 1563 925 sollemnem
1587 857 1740 923 habuisse
1762 856 1852 940 lrag-

505 985 646 1044 montum
670 979 788 1063 Ephori
812 979 920 1061 docet,
946 980 1030 1064 quod
1054 978 1195 1044 servavit
1217 979 1397 1045 Macrobius
1421 987 1541 1046 saturn.
1568 979 1596 1044 V
1620 980 1670 1059 ts,
1696 983 1732 1042 ut
1755 976 1851 1042 facile

504 1098 562 1163 tibi
592 1099 790 1184 persuadeas
819 1120 934 1167 nomen
965 1100 1034 1167 eius
1062 1100 1095 1165 in
1124 1099 1268 1166 fabulam
1298 1099 1339 1167 de
1361 1100 1486 1184 origine
1515 1099 1628 1184 templi
1649 1117 1849 1183 quocumque

503 1218 597 1284 modo
619 1219 774 1286 inscrtum
798 1240 881 1287 esse.

589 1340 799 1428 Desperanda
827 1341 954 1407 nomine
983 1362 1087 1427 pauca
1118 1341 1269 1407 adiciam.
1315 1341 1506 1407 Rectissime
1529 1341 1612 1407 enim
1636 1341 1768 1407 Niesius
1791 1339 1848 1405 de-

504 1468 699 1528 monstrasse
721 1463 849 1529 ridetur
870 1482 986 1527 nomen
1007 1461 1090 1527 illud
1112 1483 1175 1527 nou
1198 1462 1303 1546 magis
1325 1483 1397 1529 cum
1416 1462 1512 1548 Epiro
1535 1462 1738 1528 coniunctum
1761 1480 1845 1545 esse,

501 1602 586 1664 quae
617 1583 684 1649 lere
715 1583 824 1669 opinio
845 1583 986 1648 virorum
1010 1581 1171 1648 doctomm
1195 1582 1273 1667 suit,
1303 1604 1400 1668 quam
1423 1603 1493 1649 cum
1516 1583 1644 1649 nomine
1666 1582 1845 1649 Hellenico.

501 1704 646 1770 Fuerunt
674 1704 757 1770 inter
778 1724 882 1770 rerum
907 1704 1077 1789 scriptores
1099 1704 1215 1770 aetatis
1238 1704 1440 1786 recentioris,
1474 1705 1529 1788 qui
1550 1705 1723 1787 Hellenes‚
1755 1710 1848 1769 ante-

499 1845 595 1908 quam
624 1824 685 1891 hoc
712 1845 828 1891 nomen
855 1846 876 1890 a
904 1824 970 1890 filio
999 1825 1206 1891 Deucalionis
1235 1825 1455 1910 accepissent,
1489 1821 1634 1912 Γραικοός
1663 1823 1846 1911 adpellatos

499 1945 600 2011 fuisse
631 1947 763 2012 vellent.
809 1947 929 2011 Horum
962 1946 1018 2030 qui
1047 1946 1276 2011 Deucalionem
1305 1946 1338 2011 in
1368 1945 1541 2013 Thessalia
1571 1946 1756 2013 consedisse
1784 1966 1845 2031 pu-

498 2066 621 2150 tabant,
646 2067 829 2133 necessario
853 2068 948 2134 sedes
970 2066 1179 2154 versperam
1202 2067 1236 2131 in
1252 2066 1365 2133 eadem
1382 2067 1512 2151 regione
1528 2067 1738 2133 collocabant.
1779 2067 1844 2132 Res

498 2187 578 2252 satis
608 2189 778 2273 perspicua
800 2208 873 2254 esse
896 2188 975 2253 mihi
997 2187 1135 2254 videtur.
1182 2188 1313 2254 Scilicet
1334 2187 1477 2254 historici
1500 2189 1622 2255 saeculi
1644 2187 1747 2273 quinti
1769 2194 1844 2255 ante

497 2307 700 2373 Hellenicum
730 2329 845 2375 nomen
867 2309 1071 2394 Pelasgicum
1101 2329 1159 2394 per
1181 2309 1351 2376 Graeciam
1377 2309 1572 2376 dominatum
1595 2329 1669 2376 esse
1691 2308 1843 2375 adfirma-

497 2435 587 2511 runt‚
620 2428 799 2496 Deucalion
828 2450 899 2497 cum
924 2430 992 2496 suis
1015 2430 1106 2496 cuins
1129 2431 1235 2514 gentis
1257 2430 1396 2497 fuissent
1417 2431 1470 2496 vel
1492 2451 1555 2513 quo
1578 2431 1705 2497 nomine
1727 2429 1843 2516 adpel-

496 2550 554 2616 lati
576 2557 696 2635 essent,
722 2551 869 2618 homines
892 2552 1055 2618 doctrinae
1078 2551 1234 2637 simplicis
1257 2558 1290 2618 et
1311 2551 1401 2617 rudis
1423 2571 1577 2636 quaerere
1599 2571 1663 2617 non
1678 2557 1840 2617 curarunt.

494 2671 587 2737 Hanc
608 2672 757 2738 lacunam
780 2673 950 2759 scriptores
973 2673 1095 2740 saeculi
1117 2673 1232 2757 quarti,
1259 2672 1320 2738 viri
1343 2672 1428 2739 docti
1450 2680 1482 2738 et
1504 2672 1627 2756 ingenii
1649 2672 1837 2755 subtilioris,

494 2799 530 2858 ut
556 2813 615 2878 par
637 2800 706 2859 erat
727 2795 858 2879 explere
881 2796 1082 2861 studuerunt.
1128 2793 1360 2861 Deucalionem
1384 2793 1469 2859 enim
1492 2813 1532 2859 er
1555 2793 1703 2876 Pelasgis
1725 2793 1837 2876 luisse,

493 2913 548 2997 qui
576 2935 617 2979 ex
647 2914 786 2980 omnium
817 2914 965 3000 opinione
987 2915 1118 2981 barbari
1147 2915 1292 2999 fuerant,
1325 2914 1414 2979 nullo
1437 2913 1530 2980 modo
1553 2913 1679 2980 admitti
1701 2896 1837 2999 poterat.

492 3035 595 3118 Igitur
620 3031 764 3122 Γραικοός
794 3035 914 3120 fuisse,
946 3037 1001 3120 qui
1023 3044 1137 3122 postea
1158 3037 1313 3102 Hellenos
1335 3034 1493 3121 adpellati
1514 3043 1639 3119 essent,
1674 3033 1836 3102 dixerunt.

493 3154 542 3220 De
565 3155 688 3239 origine
711 3157 848 3223 nominis
871 3164 978 3223 autem
1002 3158 1030 3223 si
1052 3156 1226 3242 quaeritur,
1252 3156 1519 3222 verisimillimum
1535 3177 1587 3224 me
1602 3157 1721 3224 habere
1737 3156 1840 3222 fateor

491 3296 606 3342 nomen
629 3298 649 3342 a
671 3278 773 3362 primo
796 3277 961 3344 doctrinae
983 3299 1086 3346 novae
1107 3285 1248 3360 auctore,
1274 3277 1420 3360 quisquis
1442 3277 1498 3344 ille
1521 3277 1592 3360 fuit,
1618 3316 1660 3333 -e
1682 3278 1838 3344 namhoc

489 3417 644 3480 quaerere
666 3420 750 3464 nunc
773 3399 980 3484 supersedeo,
1006 3437 1048 3447 —
1071 3421 1110 3466 ex
1133 3418 1278 3466 sermone
1302 3397 1415 3463 Latino
1439 3417 1511 3464 esse
1534 3398 1683 3465 ascitum.
