4118 6240
477 622 518 684 86
1053 618 1086 671 Ε.
1107 617 1247 673 HlLLER

476 817 606 895 propter
624 811 698 875 Ath.
718 810 749 873 X
763 831 795 894 p.
816 809 935 891 4201),
961 808 1035 873 fort.
1053 810 1149 892 recte)
1175 803 1367 895 προτείνοντά
1388 831 1416 871 τι
1439 802 1587 892 θεώρημα
1610 806 1660 870 καί
1684 801 1823 876 άξιοδντα

477 933 519 1004 είς
535 927 607 996 αὐτὸ
623 932 720 1016 λέγειν
737 928 829 994 εἶπεν
860 925 945 994 (ἀλλ’
965 925 1037 994 αὐτὸ
1052 934 1138 993 τοῦτο
1155 927 1284 1014 μάλιστα
1300 930 1483 1016 φιλοσοφίας
1498 925 1586 1009 ἴδιον,
1605 924 1637 992 τὸ
1653 924 1702 991 τὸν
1718 923 1822 1013 καιρὸν

476 1047 610 1117 ἑκάστων
633 1053 837 1117 ἐπίστασθαι’.
867 1089 901 1098 -
928 1047 964 1116 ori
996 1046 1054 1136 μὴν
1077 1046 1146 1114 ἀλλ’
1173 1041 1267 1123 οότως
1291 1042 1403 1136 άτυφος
1426 1040 1462 1135 ἦν
1486 1041 1563 1114 ὥστε
1585 1050 1646 1122 τοῖς
1670 1049 1821 1134 μαθηταῖς

475 1169 603 1260 παρῄνει
632 1172 683 1237 καὶ
713 1165 813 1237 ἄλλων
843 1167 976 1236 ἀκοόειν.
1024 1173 1076 1236 καί
1104 1196 1182 1245 τινος
1204 1170 1284 1236 Χίου
1314 1171 1470 1236 νεανίσκου
1501 1167 1540 1256 μὴ
1565 1166 1821 1256 εὐαρεστουμένου

473 1300 511 1381 τῇ
528 1296 665 1381 διατριβῇ
685 1289 788 1375 αὐτοῦ,
815 1289 884 1357 ἀλλ’
905 1288 1086 1379 Ἱερωνόμου
1108 1299 1161 1358 τοῦ
1182 1294 1412 1380 προειρημένου,
1439 1288 1528 1365 αὐτὸς
1551 1287 1713 1376 ἀπαγαγὼν
1731 1293 1820 1355 συνέ-

475 1441 568 1502 στησε
589 1420 632 1503 τῷ
654 1411 825 1503 φιλοσόφῳ,
850 1415 1036 1501 παραινέσας
1059 1410 1223 1480 εὐτακτεῖν.
1271 1415 1355 1479 λί68
1379 1405 1457 1478 οότω
1474 1409 1504 1476 δ’
1523 1406 1560 1499 ἧν
1576 1409 1686 1500 ἐχθρὸς
1707 1412 1815 1496 (Lyco)

469 1533 646 1623 Ἱερωνύμῳ
670 1543 712 1624 τῷ
734 1541 969 1623 περιπατητικῷ,
996 1531 1036 1609 ὡς
1060 1532 1148 1620 μόνος
1172 1532 1212 1621 μὴ
1230 1530 1361 1600 ἀπαντᾶν
1376 1531 1449 1622 πρὸς
1465 1529 1554 1600 αὐτὸν
1570 1536 1613 1606 εἰς
1628 1530 1682 1619 την
1698 1532 1819 1618 ἐτησίαι

474 1654 602 1745 ἡμέραν,
628 1657 697 1745 περὶ
720 1651 755 1743 ἧς
779 1660 810 1722 ἐν
833 1663 876 1746 τῷ
894 1652 1088 1745 Ἀρκεσιλάου
1113 1657 1170 1745 βίῳ
1193 1658 1396 1743 διειλέγμεθα.
1444 1657 1492 1720 IX
1518 1660 1578 1719 112
1607 1655 1658 1736 [cs.
1683 1654 1820 1719 Wachs-

474 1780 564 1844 muth
588 1779 629 1845 tle
652 1780 786 1844 Timone
801 1779 944 1843 Phliasio
966 1801 997 1864 p.
1018 1780 1047 1863 7)
1075 1777 1091 1843 δ
1115 1773 1146 1842 δ’
1173 1770 1225 1844 οὖν
1248 1773 1414 1865 φιλόσοφος
1441 1778 1552 1861 (Timo)
1580 1774 1632 1841 καὶ
1654 1770 1820 1862 φιλόκηπος

473 1892 511 1987 ἧν
536 1895 652 1987 σφόδρα
674 1899 726 1964 καὶ
750 1895 964 1986 ἰδιοπράγμων,
991 1894 1032 1972 ὡς
1054 1899 1105 1964 καὶ
1125 1896 1286 1985 Ἀντίγονός
1309 1924 1395 1986 φησι.
1443 1894 1531 1984 λόγος
1554 1904 1624 1984 γοὺν
1646 1899 1738 1962 εἰπεῖν
1755 1893 1818 1961 Ἱε-

475 2017 610 2108 ρώνυμον
637 2018 686 2086 τὸν
709 2017 940 2108 περιπατητικὸν
963 2017 1013 2086 ἐπ’
1041 2017 1151 2086 altos·
1191 2018 1250 2094 ιὡς
1272 2017 1355 2107 παρὰ
1377 2023 1437 2094 τοῖς
1461 2016 1593 2093 Σκόδαις
1616 2019 1667 2083 καὶ
1690 2021 1717 2083 οἱ
1741 2014 1818 2104 φεό-

473 2168 574 2229 γοντες
603 2140 756 2214 τοξεύουσι
785 2140 836 2206 καί
865 2144 894 2207 oi
924 2138 1099 2223 διώκοντες,
1133 2135 1211 2208 otro
1241 2148 1296 2207 τῶν
1327 2138 1502 2229 φιλοσόφων
1532 2144 1560 2206 ci
1584 2140 1636 2226 μὲν
1660 2136 1818 2212 διώκοντες

475 2268 593 2352 θηρῶσι
614 2260 683 2337 τοὺς
706 2259 856 2349 μαθητάς,
882 2265 911 2328 οί
934 2264 967 2329 δέ
991 2260 1160 2351 φεύγοντες,
1186 2259 1325 2350 καθάπερ
1341 2262 1392 2328 καί
1408 2259 1424 2327 δ
1440 2262 1568 2348 Τίμων’.
1608 2264 1697 2330 llaec
1712 2267 1819 2332 omnia

472 2391 651 2469 congruunt
673 2405 744 2451 cum
767 2385 925 2451 Arcesilai
946 2385 1160 2470 temporibus:
1191 2406 1265 2450 nam
1289 2385 1495 2469 Halcyoneus
1516 2385 1550 2449 in
1573 2406 1682 2470 pugna
1704 2389 1820 2454 cecidit

471 2514 546 2573 ante
569 2512 701 2572 mortem
724 2507 836 2592 patris,
862 2506 918 2589 qui
939 2505 1128 2591 pergrandis
1150 2512 1229 2571 natu
1251 2526 1335 2571 anuo
1351 2508 1413 2569 243
1436 2505 1516 2570 obiit
1536 2505 1679 2591 (Usener,
1698 2509 1813 2574 Βίωνι.

471 2633 558 2695 Mac.
583 2628 697 2692 XXIX
719 2649 751 2712 p.
779 2629 852 2712 37);
889 2628 976 2712 Lyco
1005 2626 1162 2693 successit
1188 2627 1222 2692 in
1250 2627 1354 2692 locum
1381 2626 1539 2692 Stratonis
1568 2628 1610 2692 ol.
1636 2628 1814 2713 cxxvii,

470 2749 685 2835 principatum
708 2747 839 2814 scholae
861 2748 964 2814 tenuit
985 2768 1043 2833 per
1064 2768 1166 2814 annos
1189 2747 1403 2832 quadraginta
1424 2754 1583 2831 quattuor,
1610 2757 1752 2816 mortuus
1767 2759 1817 2818 est

472 2890 575 2936 anuos
596 2876 692 2934 natus
715 2875 865 2951 quattuor
887 2877 920 2936 et
942 2869 1165 2954 septuaginta3
1191 2869 1284 2934 Timo
1307 2875 1415 2935 autem
1437 2889 1521 2934 anno
1544 2869 1669 2937 circiter
1684 2873 1746 2936 230
1763 2875 1816 2938 vel

471 2993 568 3079 paulo
591 2997 687 3056 antea
708 2990 828 3057 obiisse
851 2990 988 3072 videtur,
1014 2997 1182 3076 postquam
1205 2991 1304 3056 vitam
1326 3010 1385 3075 per
1405 2990 1582 3073 nonaginta
1596 3011 1698 3057 annos
1713 2992 1812 3076 degit.

470 3116 628 3180 Perverse
649 3132 725 3177 vero
741 3111 882 3197 Zumptii
905 3118 954 3177 est
976 3111 1085 3196 opinio
1113 3112 1199 3192 (uua-
1221 3112 1281 3175 den
1301 3110 1450 3176 Bestoucl
1469 3113 1525 3176 der
1541 3112 1659 3196 philos.
1678 3114 1815 3179 Sclalea

471 3236 505 3298 ia
528 3234 635 3298 Athen
657 3256 689 3319 p.
716 3235 790 3317 68),
822 3232 877 3316 qui
900 3232 1130 3317 Hieronymum
1162 3232 1408 3317 peripateticum
1435 3233 1536 3299 tribus
1565 3233 1632 3299 illis
1654 3255 1735 3317 quos
1758 3256 1816 3301 cx-

470 3355 584 3440 scripsi
624 3354 704 3419 locis
733 3375 754 3418 a
782 3352 910 3419 Laertio
949 3359 1227 3419 commemoratum
1258 3352 1421 3418 diversum
1451 3372 1524 3419 esse
1552 3355 1678 3439 putarit
1706 3358 1748 3423 ab
1777 3378 1815 3423 eo

469 3497 565 3560 quem
587 3474 692 3540 Rhodi
721 3479 832 3539 natum
861 3474 1052 3559 scriptisque
1080 3473 1201 3539 clarum
1231 3473 1332 3538 fuisse
1361 3479 1498 3540 constat.
1544 3475 1637 3553 Quod
1667 3479 1815 3545 Laertius

468 3598 535 3663 illis
558 3596 636 3662 locis
657 3596 889 3680 Hieronymum
912 3594 1155 3680 peripateticum
1179 3594 1267 3677 dicit,
1293 3594 1409 3660 omittit
1431 3601 1539 3661 autem
1562 3596 1645 3663 hanc
1667 3600 1815 3682 appella-

468 3719 587 3784 tionem
610 3717 666 3781 ubi
688 3716 807 3782 Rhodii
828 3715 1023 3782 testimoniis
1044 3716 1154 3800 utitur,
1187 3715 1222 3781 id
1243 3715 1364 3780 nullius
1387 3717 1539 3782 momenti
1561 3725 1641 3802 est,v
1664 3719 1814 3802 quoniam

470 3838 631 3904 Rhodium
659 3837 902 3923 peripateticum
924 3836 1025 3902 fuisse
1047 3837 1131 3902 inter
1152 3855 1263 3903 omnes
1285 3843 1419 3903 constat.
1467 3838 1581 3921 Neque
1603 3839 1740 3905 alterum
1761 3861 1815 3905 ar-

469 3966 656 4045 gumentum
685 3978 748 4041 quo
770 3957 939 4043 Zumptius
968 3977 1047 4024 usus
1077 3965 1126 4024 est
1147 3958 1346 4044 comprobari
1368 3965 1484 4043 potest.
1532 3960 1706 4046 Propterea
1728 3962 1812 4027 enim

469 4080 631 4146 Rhodium
661 4079 830 4166 posteriori
857 4078 993 4162 tempori
1022 4078 1253 4163 assignandum
1283 4079 1409 4145 censuit
1438 4101 1535 4163 quam
1558 4081 1758 4147 Arcesilaum
1782 4089 1814 4148 et

468 4204 645 4287 Lyconem,
679 4200 756 4285 qnia
782 4200 997 4284 Hieronymus
1019 4199 1165 4266 Rhodius
1195 4206 1266 4286 post
1287 4200 1469 4267 Aristonem
1492 4201 1593 4268 (icum
1623 4223 1815 4269 commemo-

471 4330 558 4390 ratur
581 4328 613 4388 ct
634 4322 722 4408 apud
744 4321 932 4389 Ciceronem
956 4320 997 4387 de
1019 4321 1073 4386 lin.
1092 4321 1167 4400 Vt,
1189 4326 1226 4384 14
1255 4321 1380 4406 (fragm.
1400 4323 1448 4387 XI
1464 4325 1492 4408 9)
1521 4323 1608 4388 etin
1630 4324 1814 4391 Aristotelis

468 4446 535 4512 vita
556 4443 750 4527 Menagiana
781 4443 836 4508 ubi
863 4442 946 4508 haec
975 4443 1143 4525 leguntur:
1177 4437 1317 4528 διάδοχοι
1347 4437 1377 4507 δ’
1410 4440 1502 4509 αὐτοῦ
1525 4449 1577 4530 τῆς
1601 4448 1713 4532 σχολῆς
1736 4444 1812 4511 κατὰ

468 4563 549 4639 τάξιν
577 4567 712 4651 ἐγένοντο
743 4564 827 4629 οἵδε·
864 4559 1056 4651 Θεόφραστος
1083 4557 1222 4650 Στράτων
1248 4563 1433 4651 Πραξιτέλης
1457 4561 1562 4632 Λάκων
1582 4561 1721 4653 Ἀρίστων
1746 4571 1811 4633 Λυ-

468 4689 569 4761 κίσκος
592 4681 788 4773 Πραξιφάνης
803 4679 987 4772 Ἱερώνυμος
1004 4680 1154 4772 Πρότανις
1170 4686 1312 4773 Φορμίων
1329 4681 1497 4772 Κριτόλαος
1518 4688 1663 4771 (vitarum
1687 4690 1809 4775 scripit.

468 4810 521 4875 ed.
547 4809 772 4874 Westermann
802 4828 834 4891 p.
862 4810 936 4871 402.
984 4807 1107 4872 Preller
1135 4829 1268 4892 αιιιροιο.
1295 4809 1393 4893 Ausa.
1419 4829 1450 4892 p.
1478 4810 1536 4891 98,
1563 4810 1607 4891 s).
1655 4809 1698 4875 At
1721 4810 1813 4877 Cice-

467 4950 577 4996 ronem
598 4930 633 4994 in
655 4927 844 5012 Hieronymi
867 4927 1029 4994 mentione
1050 4927 1201 4994 iacienda
1222 4935 1399 5013 temporum
1423 4929 1562 4995 rationes
1584 4937 1732 4997 accurate
1755 4932 1812 4997 oh-

438 5052 440 5058 ’
467 5069 614 5116 servasse
644 5056 679 5116 ut
709 5056 888 5115 statuamus
915 5048 996 5114 nihil
1019 5052 1077 5115 nos
1101 5050 1201 5134 cogit;
1235 5050 1268 5115 in
1291 5049 1531 5116 enumeratione
1553 5057 1661 5116 autern
1683 5051 1813 5138 peripa-
