4452 6384
804 755 855 810 DE
874 753 1058 810 Pannona
1075 751 1228 810 llESIODI
1630 759 1688 822 143

342 931 351 962 ⁸
428 949 509 1012 Tum
533 946 610 1030 quia
631 964 744 1011 versus
759 947 920 1008 oo-ror
938 943 1090 1010 Lehrsius
1113 963 1256 1009 seorsum
1280 944 1520 1028 comprehendit
1538 946 1687 1030 [itemque

343 1067 528 1154 Koechlyus
551 1066 704 1132 Flaebius
727 1066 795 1148 alii)
822 1064 863 1131 de
885 1064 980 1150 primi
1002 1083 1114 1130 versus
1137 1063 1295 1150 scriptura

568 1184 652 1276 πρὶν
676 1186 742 1272 μὲν
765 1183 834 1274 γὰρ
858 1181 989 1258 ζώεσκον
1012 1185 1060 1250 ἐπὶ
1083 1185 1173 1274 χθονὶ
1196 1180 1267 1272 φῦλ’
1295 1181 1459 1273 ἀνθρώπων

343 1309 488 1393 quaestio
517 1308 665 1374 instituta
693 1315 758 1388 est,
791 1327 874 1390 quae
903 1313 1009 1373 tamen
1038 1306 1071 1372 iu
1100 1305 1173 1391 ipsa
1195 1325 1229 1370 re
1252 1305 1455 1374 decernenda
1476 1309 1597 1376 nullius
1619 1309 1688 1379 iere

344 1429 494 1495 momenti
517 1435 578 1495 est.
625 1430 708 1494 Nam
732 1434 899 1514 postquam
916 1426 1068 1494 Lehrsius
1084 1434 1206 1493 remota
1226 1422 1284 1514 γάρ
1307 1429 1466 1513 particula
1482 1437 1590 1514 utpote
1605 1452 1688 1514 quae

341 1549 573 1616 concinnatoris
595 1557 682 1616 esset
703 1555 851 1637 πρῶτον
875 1547 940 1634 μὲν
970 1544 1097 1621 ζώεσκον
1120 1533 1172 1614 vel
1194 1545 1231 1613 τὸ
1253 1547 1343 1636 πρὶν
1367 1548 1433 1634 μὲν
1456 1545 1583 1622 ζώεσκον
1613 1553 1687 1620 olim

343 1671 489 1738 extitisse
511 1671 656 1751 coniecit,
682 1671 835 1736 Flaohius
857 1690 929 1736 cum
953 1669 1072 1754 optimo
1095 1668 1204 1736 codiee
1220 1670 1364 1736 Mediceo
1387 1669 1485 1752 uisus,
1512 1673 1565 1755 qui
1588 1683 1689 1741 metro

343 1793 462 1858 violato
483 1789 541 1880 γάρ
565 1791 705 1874 omittat,
737 1799 803 1857 tum
827 1790 1038 1858 deterioribus
1060 1790 1200 1870 duobus,
1233 1790 1289 1872 qui
1310 1786 1442 1878 πρώην
1467 1791 1534 1878 μὲν
1558 1791 1689 1867 ζώεσκον

344 1913 532 1995 exhibeant,
566 1912 692 1979 Lehrsii
722 1913 932 1998 suspitionem
955 1910 1056 1977 auxit.
1107 1909 1172 1976 Sed
1195 1910 1246 1976 sac
1269 1931 1378 1977 veram
1402 1932 1474 1978 esse
1497 1916 1688 2000 scripturam

342 2031 447 2122 πρώην
472 2033 581 2120 μὲν-
603 2035 688 2117 quod
709 2033 798 2099 haud
820 2032 968 2118 equidem
992 2032 1177 2115 negaverim
1194 2033 1304 2098 -vel
1326 2032 1374 2098 sic
1396 2032 1438 2100 ad
1461 2037 1688 2104 conectendam

343 2157 519 2222 orationem
548 2153 666 2222 sufficit
693 2161 760 2220 tum
784 2155 837 2240 μέν
866 2153 1025 2238 particula
1053 2161 1118 2218 tum
1147 2151 1252 2240 πρώην
1282 2153 1369 2220 νοοὶο
1399 2155 1503 2238 notio,
1536 2177 1619 2240 quae
1647 2159 1689 2225 ad

343 2297 449 2342 rerum
472 2283 588 2342 statum
612 2283 708 2342 antea
730 2275 925 2360 descriptum
947 2273 1109 2360 respiciat.
1163 2275 1339 2358 Utramque
1368 2295 1445 2342 vero
1473 2280 1688 2346 narrationem

344 2405 377 2464 et
398 2389 533 2464 alteram
557 2403 589 2463 et
610 2398 736 2463 tertiam
760 2397 871 2481 quales
893 2394 1048 2462 Lehrsius
1070 2393 1235 2461 coustituit
1256 2415 1314 2480 per
1334 2415 1369 2463 se
1385 2417 1515 2464 maneas
1530 2419 1604 2466 esse
1620 2401 1691 2486 ipse

344 2518 496 2584 Flaehius
519 2519 677 2584 concessit
691 2521 711 2594 ¹}
739 2517 845 2584 verbis
867 2508 917 2581 ’ὅτε
941 2512 977 2602 δὴ
1001 2511 1093 2581 κακὸν
1116 2512 1176 2601 εἶχ’
1195 2512 1317 2602 ἐνόησεν
1340 2518 1487 2584 concludi
1510 2541 1572 2586 non
1596 2542 1690 2606 posse

345 2639 482 2724 priorem
515 2638 731 2724 perspiciens,
767 2645 864 2723 caput
896 2637 989 2704 alteri
1018 2635 1153 2712 deesse:
1190 2637 1339 2720 quocirca
1368 2638 1473 2706 simile
1500 2640 1622 2724 aliquid
1653 2665 1691 2708 ao

344 2760 461 2826 deinde
483 2767 631 2825 narratur
651 2760 685 2824 iu
709 2759 843 2844 pristino
866 2758 1007 2824 carmine
1029 2735 1174 2823 eititisse
1201 2779 1265 2824 nou
1294 2759 1414 2825 intitias
1443 2761 1516 2844 ivit,
1550 2770 1690 2832 attamen

345 2881 451 2966 ipsum
484 2879 568 2964 quod
602 2879 780 2961 insequitur
813 2879 1056 2962 ‘fragmentum'
1091 2879 1132 2944 ah
1165 2879 1305 2945 Hesiodo
1338 2881 1586 2948 ahirrdicaudum
1620 2906 1693 2952 esse

345 3002 446 3068 duxit.
494 3003 563 3068 Iam
593 3001 621 3065 si
648 3001 831 3083 quaerimus
852 2999 928 3083 quid
957 2999 1199 3066 hoo'iudicium
1230 3001 1432 3085 excitaverit,
1467 3002 1500 3068 iu
1523 3005 1634 3070 eadem
1658 3028 1692 3074 re

346 3123 453 3190 haesit
482 3123 552 3204 ille,
586 3137 670 3204 quae
699 3121 845 3187 omnihus
876 3120 943 3186 lere
973 3120 1198 3206 interpretibus
1227 3123 1412 3206 scrupulum
1440 3123 1566 3191 iniecit:
1604 3129 1693 3194 nullo

346 3244 473 3310 vinculo
495 3241 638 3308 adhibito
660 3241 853 3307 mentionem
876 3241 956 3306 dolii
978 3241 1071 3306 malis
1093 3241 1216 3327 impleti
1241 3243 1333 3308 uobis
1356 3244 1474 3327 offerri,
1500 3247 1584 3328 quod
1608 3249 1692 3316 unde

345 3363 511 3431 devenerit
532 3363 566 3428 in
589 3383 703 3428 manus
725 3362 886 3446 mulieris,
918 3361 977 3428 hoc
1006 3362 1090 3445 qnod
1112 3363 1249 3446 legimus
1272 3384 1400 3430 carmen
1431 3386 1493 3431 uon
1517 3368 1687 3435 contiueat.

347 3487 383 3552 In
417 3485 478 3550 bac
508 3505 543 3550 re
576 3484 630 3567 qui
664 3485 833 3551 offendunt
863 3482 1040 3548 Hesiodum
1073 3482 1276 3568 interpretari
1310 3485 1466 3552 nesciunt.
1528 3489 1694 3557 Postulant

346 3585 448 3689 enim,
480 3605 570 3672 utin
593 3605 704 3672 fabula
734 3605 915 3670 enarranda
942 3603 1025 3689 epici
1056 3612 1171 3689 poetae
1200 3605 1340 3672 cilicium
1363 3608 1508 3692 expleat,
1543 3630 1613 3676 cum
1636 3612 1693 3679 ille

350 3900 448 3940 vocem
473 3885 589 3940 diversa
612 3883 762 3954 proverbia
785 3881 907 3937 conflata
925 3896 988 3936 csse
1007 3881 1069 3936 luce
1087 3881 1191 3936 clarius
1209 3887 1266 3938 est:
1292 3889 1417 3940 attamen
1435 3885 1497 3955 ipsa
1515 3887 1655 3944 elementa
1675 3885 1694 3943 l'

350 3979 380 4025 et
397 3969 418 4025 Δ
436 3971 507 4026 nihil
524 3971 628 4026 valent.
666 3970 860 4025 Praemittitur
878 3969 950 4022 enim
970 3983 1068 4024 versus
1087 3969 1136 4020 342
1155 3970 1295 4024 artissime
1315 3972 1480 4026 coniunctus
1499 3989 1561 4028 eum
1579 3975 1637 4029 illis
1655 3977 1692 4030 ad

348 4057 449 4129 γείτονα
472 4057 679 4128 pertinentibus
700 4057 744 4110 τὸν
770 4048 884 4127 φιλέοντ’
908 4055 950 4108 ἐπὶ
976 4055 1051 4108 baira
1068 4053 1171 4118 aelata,
1196 4057 1239 4109 τὸν
1263 4051 1286 4108 δ’
1308 4054 1401 4130 ἐχθρὸν
1421 4057 1508 4123 ἐᾶσαι,
1536 4062 1694 4132 insequitur

350 4149 444 4198 auteur
468 4158 553 4198 versu
571 4146 620 4195 ³52
645 4143 825 4214 proverbium
848 4143 885 4197 ad
904 4139 1004 4212 litpbor
1027 4147 1173 4210 spectans:
1199 4141 1330 4196 similiter
1353 4145 1512 4212 proverbiis
1536 4148 1573 4202 ad
1599 4147 1694 4202 titivm

349 4229 533 4284 tendentibus
558 4244 620 4282 eum
644 4229 836 4300 praemittitur
859 4244 958 4283 versus
977 4229 1043 4282 item
1062 4227 1204 4282 artissime
1223 4229 1388 4284 coniunctus
1410 4233 1452 4284 τὸν
1471 4230 1593 4304 φιλέοντα
1612 4234 1694 4306 φιλεῖν

349 4323 404 4370 cet.
430 4323 489 4370 tum
513 4317 693 4385 adponuntur
713 4331 785 4386 quae
808 4316 912 4386 σμικρόν
936 4315 1104 4370 vocabulum
1128 4320 1229 4382 urgent
1252 4331 1307 4369 non
1332 4317 1423 4372 miuus
1452 4325 1513 4373 arte
1544 4322 1694 4377 coniuncta

348 4431 383 4441 -
401 4417 537 4471 quaenam
557 4417 625 4470 ergo
643 4409 687 4457 est
705 4418 810 4472 quaeso
829 4403 984 4456 litterarum
1003 4401 1198 4470 principalium
1217 4401 1245 4454 in
1264 4401 1308 4455 his
1327 4403 1476 4458 sententiis
1495 4407 1695 4474 componendis

349 4489 497 4556 gravitas?
523 4488 643 4542 Panibus
658 4490 787 4556 argutiis,
808 4495 840 4543 ut
852 4503 951 4544 versus
964 4489 1013 4538 368
1027 4502 1069 4555 sq.
1094 4485 1216 4553 (percelli)
1238 4493 1267 4542 et
1280 4489 1329 4538 uto
1351 4488 1459 4558 (μισθός)
1480 4492 1517 4546 ad
1531 4488 1557 4544 lll
1572 4493 1694 4548 litteram

349 4575 505 4640 trahantur,
526 4576 555 4628 in
573 4577 666 4644 priore
684 4575 835 4645 proverbio
854 4574 961 4644 ptraotlr
978 4573 1157 4640 distinguunt
1174 4573 1250 4642 quod
1268 4573 1351 4644 plane
1369 4577 1523 4645 respondet
1535 4579 1693 4633 coniunctis

348 4662 444 4717 verbis
461 4661 607 4735 ἀρχομένου
627 4668 657 4716 et
673 4661 805 4732 λήροντοε.
837 4659 976 4728 Argutius
994 4660 1081 4714 etiarn
1099 4677 1127 4714 v.
1142 4661 1192 4710 379
1210 4659 1342 4713 πλεόνεσσι
1359 4663 1439 4717 νοοίο
1457 4663 1581 4718 litteram
1594 4666 1697 4734 priuci-

348 4749 440 4818 palem
459 4749 647 4818 praecedente
665 4748 726 4806 πάϊς
745 4753 857 4814 urgent:
885 4746 956 4801 illud
976 4745 1049 4800 enirn
1067 4744 1199 4798 πλεόνεσσι
1218 4761 1301 4801 sensu
1319 4748 1431 4802 omniuo
1450 4765 1560 4804 cassum
1579 4756 1624 4806 est
1641 4752 1695 4806 nisi

349 4851 383 4890 ex
408 4834 643 4890 antecedentibus
665 4833 735 4887 παισί
759 4833 964 4900 subintellogas
981 4862 1015 4872 —
1033 4847 1119 4902 quare
1144 4833 1173 4886 in
1194 4833 1325 4888 versibus
1343 4834 1415 4888 odeo
1433 4851 1483 4905 per
1501 4851 1612 4890 sensum
1631 4852 1697 4892 con-

349 4923 457 4977 strictis
476 4937 540 4976 num
559 4921 626 4990 quid
645 4920 754 4974 tribues
772 4920 890 4988 singulis
909 4919 1033 4974 littoris?
1060 4918 1172 4974 Utinam
1191 4919 1279 4986 igitur
1296 4921 1429 4976 desinant
1447 4923 1559 4977 tandem
1578 4924 1626 4994 qui
1639 4923 1695 4978 lie-

350 5010 460 5063 sicdum
485 5007 573 5064 edunt
595 5006 666 5060 haec
689 5004 811 5060 artificia
834 5005 925 5058 oculis
950 5005 1104 5070 inculeare,
1131 5019 1204 5074 quae
1230 5011 1260 5059 ut
1278 5006 1369 5074 digito
1387 5008 1482 5076 potius
1500 5023 1583 5079 quam
1603 5017 1696 5066 urente

350 5096 474 5150 carmina
491 5095 569 5162 legas
587 5093 726 5148 alliciunt.

438 5199 455 5268 ¹)
479 5197 600 5270 ‘system
617 5195 665 5250 der
684 5195 797 5250 Heriod.
819 5195 956 5271 Kormoy!
975 5196 1019 5252 ed.
1040 5196 1116 5270 Lips.
1136 5213 1162 5252 a.
1186 5197 1251 5250 ¹874
1270 5213 1297 5270 p.
1313 5199 1354 5250 54.
1370 5199 1413 5256 56.
