4118 6240
481 658 540 719 144
1045 656 1077 712 F.
1098 655 1265 713 SCHOELL

477 845 619 910 fabulam
643 846 789 911 omuibus
813 854 918 911 notam
942 847 974 910 in
998 867 1124 912 carmen
1149 846 1342 911 didacticum
1360 853 1393 911 ct
1408 845 1646 929 paraeneticum
1663 844 1824 910 adhibeat.

476 965 702 1032 Plenissimum
726 964 785 1031 hoe
808 967 840 1031 ni
856 967 951 1031 fallor
973 968 1120 1052 exemplo
1142 967 1207 1033 fiet,
1248 967 1349 1032 Nobis
1372 987 1476 1033 nonne
1498 966 1608 1032 licebit
1628 967 1727 1032 talem
1750 986 1826 1032 cou-

475 1108 582 1153 serere
605 1107 800 1153 sermonem:
827 1088 903 1152 olim
926 1088 1052 1154 beatam
1076 1088 1174 1157 vitam
1198 1088 1357 1154 hominem
1381 1087 1413 1152 in
1438 1089 1530 1153 eaelo
1552 1087 1768 1170 transegisse:
1793 1093 1827 1151 at

475 1216 646 1294 postquam
668 1207 783 1273 mulier
805 1229 932 1292 pomum
954 1209 1022 1273 viro
1044 1208 1197 1289 dedisset,
1224 1210 1365 1274 laborem
1389 1228 1514 1274 omnem
1538 1208 1748 1290 miseriasque
1770 1227 1825 1273 sn-

475 1349 604 1414 premas
627 1328 765 1394 humano
788 1329 900 1411 generi
924 1329 1102 1412 obtigisse?
1141 1330 1226 1394 Num
1250 1330 1429 1415 postulares
1452 1337 1487 1394 ut
1508 1329 1615 1395 omnia
1638 1328 1824 1412 singillatim

474 1451 653 1517 declararet
681 1449 817 1534 scriptor
846 1449 887 1514 de
916 1451 1027 1515 arbore
1057 1450 1116 1514 illa
1145 1449 1236 1516 fatali
1268 1458 1301 1517 et
1332 1470 1414 1533 quae
1444 1457 1519 1515 suut
1540 1449 1685 1533 reliqua?
1728 1449 1824 1532 Atqui

474 1592 603 1658 pomum
632 1570 715 1635 illud
744 1570 820 1652 quid
851 1571 911 1635 sibi
941 1572 1079 1637 vetitet
1108 1571 1193 1637 unde
1221 1570 1388 1637 devenerit
1416 1571 1518 1636 nescit
1549 1571 1612 1635 nisi
1635 1569 1707 1654 qnis
1729 1569 1826 1635 bibli-

476 1714 545 1758 cam
569 1691 734 1757 historiam
758 1697 867 1756 teneat
888 1698 1060 1775 nostraque
1083 1692 1237 1774 religione
1260 1692 1401 1757 imbutus
1419 1693 1479 1757 sit:
1505 1694 1580 1776 quin
1596 1692 1693 1757 immo
1708 1690 1736 1756 si
1752 1698 1825 1774 pest

474 1815 577 1880 multa
605 1813 737 1878 saecula
766 1812 866 1877 alieni
894 1811 1040 1877 homines
1070 1813 1223 1897 philologi
1253 1813 1416 1895 singulare
1442 1812 1600 1878 eiusmodi
1623 1832 1751 1877 carmen
1773 1811 1825 1876 in-

475 1934 620 2001 venirent
642 1932 757 1998 deletis
779 1952 838 2017 per
859 1939 1036 2016 temporum
1060 1933 1209 1998 iniuriam
1239 1933 1381 1998 lontibus
1411 1934 1635 2018 amplioribus,
1670 1953 1710 1998 ne
1741 1932 1825 1997 divi-

475 2076 552 2122 nare
574 2053 701 2139 quidem
725 2060 856 2137 possent
877 2073 959 2136 quae
982 2053 1070 2138 apud
1093 2073 1150 2119 nos
1173 2054 1222 2119 vel
1246 2055 1371 2138 pueruli
1394 2055 1598 2138 intellegunt:
1626 2073 1665 2119 ae
1687 2053 1824 2119 fortasse

474 2197 537 2241 non
560 2175 710 2240 deessent
731 2173 831 2240 critici
851 2173 1065 2257 sagacissimi,
1091 2175 1258 2259 quitatem
1275 2175 1418 2240 tabulam
1434 2175 1546 2241 eoniioi
1563 2175 1706 2260 potuisse
1721 2193 1824 2257 nega-

473 2304 546 2362 rent
577 2296 638 2360 nisi
673 2296 715 2360 ab
748 2294 956 2379 epitomatorc
989 2295 1127 2377 quodam
1161 2296 1212 2361 vel
1246 2296 1453 2380 compilatore
1487 2295 1675 2361 miserrimo.
1738 2291 1823 2360 Illud

474 2425 581 2483 autem
605 2415 689 2500 quod
712 2416 861 2500 proposui
883 2416 1065 2500 exemplum
1076 2420 1094 2500 ¹)
1130 2437 1234 2482 nonne
1257 2424 1321 2482 tam
1346 2416 1449 2482 simile
1480 2423 1529 2482 est
1550 2417 1709 2483 Hesiedco
1739 2416 1824 2499 quod

475 2545 650 2604 tractamus
679 2557 775 2618 quam
807 2537 858 2601 lae
891 2537 967 2602 lacti
1004 2537 1110 2602 simile
1139 2544 1208 2602 esti
1251 2538 1319 2603 Iam
1354 2559 1430 2603 vero
1452 2558 1518 2603 rem
1541 2538 1622 2603 adeo
1645 2538 1822 2622 simplicem

474 2667 683 2744 apertamque
707 2664 741 2722 ut
762 2655 840 2721 mihi
863 2659 977 2723 saltem
1001 2657 1128 2724 videtur
1150 2658 1204 2740 qui
1227 2679 1289 2722 non
1312 2666 1545 2743 perspexerunt
1560 2659 1660 2725 critici
1675 2666 1732 2723 aut
1749 2678 1822 2723 eum

476 2780 530 2864 qui
560 2780 640 2845 haec
669 2779 813 2844 camnine
834 2778 1033 2844 concinnarit
1054 2785 1089 2843 ut
1111 2778 1306 2844 imbecillum
1328 2779 1496 2864 increpant
1517 2788 1573 2846 aut
1594 2780 1673 2845 artis
1695 2779 1823 2844 criticae

474 2901 686 2966 instrumenta
715 2899 888 2965 crudeliter
917 2907 1067 2964 exercent
1094 2921 1165 2964 cnm
1197 2907 1294 2984 poeta
1323 2921 1434 2966 severe
1460 2908 1610 2984 agentes,
1643 2900 1705 2967 sihi
1727 2900 1822 2965 nimis

474 3022 692 3104 indulgentes.

562 3144 674 3225 ltaque
704 3140 754 3206 his
784 3141 939 3226 expositis
969 3141 1065 3206 liceat
1093 3162 1243 3207 versuum
1273 3141 1314 3206 de
1343 3141 1458 3223 quibus
1487 3142 1723 3226 disputavimus
1749 3162 1823 3207 vcr-

475 3264 623 3331 naculam
646 3262 939 3346 interpretationem
963 3262 1120 3346 prolerre,
1154 3284 1217 3345 quo
1245 3262 1360 3327 melius
1390 3271 1547 3346 appareat
1568 3270 1672 3328 utrum
1695 3264 1742 3328 ita
1763 3263 1822 3328 hoe

477 3405 602 3451 carmen
626 3390 844 3467 comparatum
868 3383 927 3463 sit,
964 3391 999 3448 ut
1020 3384 1118 3450 veteri
1141 3390 1256 3468 poetae
1279 3405 1299 3448 a
1321 3383 1449 3449 nemine
1472 3384 1525 3466 qui
1549 3384 1675 3466 quidem
1699 3385 1823 3449 medio-

476 3508 571 3572 criter
600 3504 708 3589 sapiat
736 3503 831 3568 tribui
860 3503 955 3568 facile
986 3505 1103 3587 possit,
1141 3525 1182 3568 an
1210 3525 1272 3568 non
1301 3504 1468 3587 indignum
1499 3504 1645 3570 videatur
1668 3504 1818 3585 Hesiodo,

476 3648 568 3711 quem
591 3626 625 3690 in
647 3624 708 3689 hae
730 3624 802 3708 ipsa
824 3623 975 3689 carminis
998 3632 1088 3708 parte
1112 3632 1255 3690 veterum
1278 3646 1341 3690 nen
1364 3625 1458 3709 pauci
1483 3625 1633 3690 admirati
1656 3634 1739 3691 sunt.

541 3838 584 3899 So
607 3856 673 3897 coar
694 3832 781 3897 nicht
802 3855 863 3895 rtur
885 3832 952 3895 eice
978 3833 1101 3895 Gehurt
1123 3855 1181 3895 oon
1205 3833 1282 3896 Eris
1304 3871 1346 3877 —
1368 3835 1434 3918 uras
1451 3835 1561 3897 Erdeo

542 3957 625 4020 Sr'od
645 3977 677 4018 es
698 3953 793 4017 aecci:
817 3954 868 4016 die
890 3954 957 4016 ec'oe
979 3976 1052 4037 map
1075 3952 1158 4016 wohl
1178 3955 1236 4016 der
1266 3953 1474 4037 Veratdndipe
1492 3954 1635 4035 prer'seo,

547 4076 645 4140 Tedel
666 4075 807 4160 belzaftet
829 4074 879 4137 dic
901 4075 1021 4149 credre,·
1043 4074 1089 4136 sie
1111 4073 1185 4136 aad
1203 4073 1432 4158 zwiesptilt'pco
1458 4075 1639 4138 Geraritlres.

544 4200 639 4261 Demo
661 4219 692 4259 es
703 4196 840 4282 sordert
862 4197 922 4258 dea
945 4196 1034 4259 bilsen
1059 4172 1169 4278 Irir'ep
1182 4196 1249 4257 aad
1268 4196 1385 4258 Hoder
1407 4195 1457 4258 dr'e
1478 4195 1561 4275 cirre,

477 4381 684 4392 .....——----

566 4492 583 4554 ¹)
605 4492 648 4545 Do
668 4491 758 4546 altera
777 4491 902 4560 cogitare
914 4491 1006 4561 possis
1019 4491 1088 4545 dolii
1102 4491 1291 4560 explicatione
1304 4506 1376 4559 quac
1390 4496 1483 4544 tamen
1496 4491 1587 4545 nrious
1598 4491 1713 4546 ridetur
1724 4491 1825 4560 proba-

478 4578 545 4633 bilis
557 4594 635 4633 esse:
657 4585 755 4633 utnon
769 4580 856 4648 ipsam
870 4578 1014 4632 historiam
1028 4579 1066 4632 de
1078 4579 1155 4632 dolio
1168 4578 1302 4631 malorum
1321 4594 1338 4630 a
1351 4577 1467 4631 Femina
1485 4578 1565 4631 illato
1583 4579 1712 4632 onrnibus
1730 4586 1823 4632 notam

478 4664 566 4719 luisse
580 4672 699 4730 statuas,
720 4667 770 4719 sed
790 4682 840 4719 usn
861 4667 955 4734 potius
974 4672 1115 4733 receptam
1135 4665 1282 4731 imaginem
1296 4664 1332 4717 de
1346 4665 1426 4718 rnalis
1439 4665 1467 4717 in
1480 4663 1584 4717 dolium
1599 4666 1720 4718 coactis:
1742 4681 1824 4735 qnam

480 4753 555 4821 apud
568 4752 718 4805 Homerum
731 4753 857 4821 usrrrpari
877 4768 957 4805 nemo
976 4752 1101 4818 ignorat,
1122 4766 1213 4819 neque
1232 4751 1370 4804 absimilis
1388 4756 1433 4804 est
1451 4751 1543 4817 imago
1561 4751 1644 4803 nobis
1662 4768 1716 4804 non
1735 4753 1825 4805 minus

479 4855 561 4907 quam
580 4838 697 4892 Graecis
716 4838 821 4891 usitata
839 4839 874 4892 de
895 4839 998 4907 poculo
1017 4838 1151 4891 malorum
1173 4836 1217 4899 (ef.
1239 4844 1351 4906 praeter
1369 4843 1478 4890 ceteros
1496 4836 1656 4906 Aeschylus
1675 4837 1775 4905 Agant.
1796 4858 1822 4894 v.

482 4927 547 4975 taut
559 4924 669 4976 τοσῶνδε
687 4922 792 4995 κρατῆρ’
811 4924 837 4977 ἐν
856 4924 944 4993 δόμοις
961 4933 1049 4976 κακῶν
1068 4924 1110 4975 ὅδε
1130 4924 1230 4995 πλήσας
1248 4924 1343 4992 dpalms
1362 4924 1438 4982 αὐτὸς
1457 4922 1551 4974 ἐκπίνει
1571 4923 1680 4991 μολών).
1706 4924 1776 4977 Tum
1790 4942 1824 4979 ex

479 5010 532 5064 hoc
545 5011 656 5065 demum
668 5008 786 5063 Hesiodi
800 5009 862 5062 loeo
876 5009 952 5062 illam
966 5010 1002 5062 dc
1016 5009 1162 5064 Pandorae
1175 5026 1243 5064 vase
1257 5008 1380 5063 sabulum
1400 5009 1558 5063 derivatam
1577 5024 1640 5062 esse
1659 5018 1823 5078 appareret:

479 5098 554 5173 quod
574 5104 666 5152 tamen
686 5111 735 5149 eur
753 5097 844 5151 minus
862 5095 1010 5166 probabile
1028 5111 1091 5151 esse
1109 5096 1200 5151 dicam
1219 5112 1274 5151 aon
1294 5097 1430 5167 estquod
1450 5094 1540 5149 fusius
1559 5110 1705 5165 exponam.
