4206 6248
736 642 787 697 DE
806 638 944 698 comcs
962 639 1175 698 STOIOORUll
1587 642 1628 704 73

284 831 399 898 damus
421 833 493 916 cogi
515 833 662 899 videmur
683 832 808 899 duobus
830 832 1002 918 Chrysippi
1025 831 1116 898 libris
1139 851 1219 916 quos
1241 830 1405 915 Diogenes
1427 832 1516 916 §not
1548 830 1632 896 iuter

284 953 424 1020 morales
446 955 586 1037 rettulit,
619 953 735 1038 quibus
757 953 944 1039 inscriptum
968 960 1017 1019 est
1037 951 1106 1040 περὶ
1132 958 1184 1020 τοῦ
1212 954 1358 1041 ἐγκρίνειν
1388 947 1456 1026 τοὺς
1484 948 1630 1040 ἀρχαίους

283 1071 336 1161 τὴν
360 1069 550 1161 διαλεκτικὴν
574 1071 625 1141 οὐν
648 1076 713 1148 ταῖς
735 1070 903 1148 ἀποδείξεσι
923 1072 996 1162 πρὸς
1016 1070 1155 1162 Ζήνωνα.
1173 1103 1179 1119 ·
1202 1074 1305 1140 Nemo
1327 1073 1360 1139 in
1381 1073 1467 1139 hune
1487 1073 1627 1157 titulum,

283 1202 437 1281 quantum
459 1195 610 1279 equidem
639 1196 755 1276 sciam,
789 1195 978 1279 diligentius
1006 1196 1183 1278 inquisivit.
1231 1196 1301 1278 Ego
1323 1214 1398 1260 vero
1420 1193 1530 1261 nescio
1551 1193 1630 1278 quid

284 1316 375 1383 aliud
396 1316 578 1401 significare
604 1316 706 1402 possit
733 1338 829 1401 quam
852 1316 1069 1403 Chrysippum
1099 1316 1150 1382 his
1177 1314 1267 1382 libris
1289 1314 1445 1381 adversus
1468 1315 1628 1382 Zenonem

284 1445 409 1504 veteres
440 1437 661 1504 defendendos
688 1438 886 1522 suscepisse,
924 1439 979 1522 qui
1009 1437 1120 1505 eodem
1151 1438 1221 1503 loco
1247 1457 1310 1522 quo
1341 1434 1629 1502 demonstrationes

282 1579 366 1643 quae
388 1559 514 1645 proprie
543 1558 692 1625 dicuntur
713 1559 811 1624 etiam
834 1559 1038 1626 dialecticam
1068 1558 1268 1625 habuissent.
1315 1559 1450 1625 Veteres
1474 1557 1629 1641 intellego

283 1700 346 1745 non
374 1680 449 1746 illos
477 1680 609 1746 Socrate
637 1679 833 1764 antiquiores
863 1681 963 1746 veluti
987 1679 1164 1763 Eleaticos,
1202 1679 1345 1751 sedvel
1375 1679 1542 1744 Platonem
1576 1679 1628 1744 vel

220 1787 222 1790 Α
282 1801 486 1868 Aristotelem
508 1800 719 1887 posteriorum
747 1801 900 1885 loquendi
928 1821 987 1867 usu
1014 1801 1216 1882 admonitus,
1247 1799 1303 1884 qui
1332 1807 1441 1866 tamen
1463 1798 1541 1884 quin
1562 1798 1627 1865 iam

282 1921 456 2008 Chrysippi
471 1928 577 1989 aetate
592 1922 771 1989 obtinuisse
786 1929 917 2008 putetur
931 1922 1013 1988 nihil
1028 1922 1174 2007 impedit.
1201 1922 1295 1988 Certe
1311 1941 1393 2006 quae
1409 1921 1450 1988 de
1465 1920 1627 1986 veteribus

283 2043 336 2109 hic
357 2043 564 2109 enuntiantur
585 2043 621 2109 in
643 2043 809 2110 Platonem
832 2050 865 2110 et
879 2043 1085 2110 Aristotelem
1108 2042 1227 2128 optime
1250 2041 1420 2126 quadrant.
1460 2041 1626 2107 Platonem

282 2163 366 2229 enim
390 2164 469 2230 satis
492 2171 614 2230 constat
635 2164 668 2230 in
690 2172 778 2232 tanto
800 2165 919 2232 honore
942 2165 1094 2231 babuisse
1115 2164 1329 2247 dialecticam,
1355 2170 1391 2229 ut
1405 2183 1530 2229 omnem
1552 2161 1628 2229 inde

282 2283 523 2351 demonstrandi
551 2285 706 2352 rationem
736 2285 877 2371 pendere
905 2293 1066 2369 censeret,
1104 2285 1293 2352 Aristoteles
1323 2305 1415 2366 vcro,
1453 2283 1515 2351 etsi
1548 2284 1627 2350 salis

282 2426 399 2489 magno
421 2406 592 2473 intervallo
614 2405 704 2472 illam
727 2406 768 2472 ab
792 2407 853 2473 hac
876 2406 1042 2489 disiunxit,
1068 2415 1233 2492 tamenne
1248 2407 1319 2492 ipsc
1334 2404 1465 2490 quidem
1480 2406 1626 2472 inutilem

280 2526 483 2593 dialecticam
505 2526 660 2593 iudicavit
681 2533 718 2593 ut
731 2548 815 2612 quae
830 2527 873 2593 ad
896 2527 1066 2593 firmiorem
1083 2527 1322 2599 demonstrandi
1338 2527 1505 2612 rationem,
1530 2548 1627 2612 quam

279 2648 336 2714 ille
359 2643 567 2734 ἀποδεικτικήν
589 2648 776 2735 appellauit,
803 2647 1038 2732 quodammodo
1060 2649 1253 2734 proluderet.
1300 2649 1342 2714 Hi
1363 2648 1462 2733 igitur
1482 2648 1547 2715 dici
1568 2669 1628 2735 po-

280 2776 409 2835 tuerunt
430 2769 574 2856 ἐγκρίνειν
596 2766 650 2856 τὴν
673 2767 864 2856 διαλεκτικὴν
884 2767 935 2834 οὐν
951 2771 1016 2842 τοῖς
1031 2765 1200 2842 ἀποδείξεσι
1209 2772 1228 2851 ¹)
1244 2794 1249 2832 :
1276 2769 1394 2856 quippe
1409 2769 1464 2853 qui
1479 2769 1622 2837 dialecti·

280 2910 350 2956 cam
366 2911 387 2956 a
402 2890 724 2958 demonstrationibus
742 2891 801 2973 eis,
827 2890 944 2974 quibus
959 2890 1104 2956 veritatis
1119 2890 1257 2976 cognitio
1272 2890 1393 2972 nititur,
1419 2911 1482 2956 non
1497 2889 1626 2957 omnino

279 3012 395 3078 abesse
418 3011 549 3078 vellent.
595 3012 672 3078 Alia
694 3012 821 3079 videtur
843 3049 884 3058 —-
907 3012 1005 3097 probe
1028 3011 1112 3078 enim
1129 3011 1277 3078 conscius
1292 3031 1362 3078 sum
1385 3033 1480 3097 quam
1504 3012 1625 3078 lubrico

279 3132 347 3199 solo
368 3132 533 3217 ingrediar
560 3170 601 3180 -
631 3132 770 3199 Zenonis
800 3132 960 3199 sententia
988 3132 1090 3199 fuisse
1119 3133 1270 3219 negantis
1297 3132 1399 3198 ullum
1427 3133 1460 3198 in
1486 3133 1625 3216 singulis

278 3252 460 3339 disciplinis
481 3253 715 3340 pertractandis
731 3253 920 3320 dialecticae
943 3255 1047 3321 locum
1070 3253 1190 3320 autad
1213 3254 1282 3320 veri
1302 3253 1516 3338 cognitionem
1532 3275 1624 3321 usum

277 3394 360 3440 esse.
409 3375 581 3442 Attamen
603 3374 714 3458 quiid
737 3375 843 3441 facere
865 3375 983 3461 potuit,
1017 3395 1089 3441 eum
1119 3374 1232 3459 siqua
1254 3375 1322 3442 veri
1345 3396 1385 3442 ex
1411 3373 1569 3461 profundo
1592 3382 1625 3443 et

276 3496 417 3564 tenebris
438 3495 572 3563 eruendi
595 3515 670 3581 spes
692 3503 757 3579 est,
787 3494 822 3561 id
849 3495 912 3561 nisi
935 3495 1147 3563 concludendi
1169 3496 1292 3563 ratione
1314 3516 1353 3562 ac
1374 3496 1429 3562 via
1450 3517 1624 3581 numquam

276 3617 476 3684 consecuturi
498 3617 618 3683 simus?
654 3617 738 3696 Quin
761 3617 858 3683 etiam
880 3617 951 3703 ipse
966 3619 1054 3684 Zeno
1070 3639 1090 3683 a
1105 3618 1258 3684 Cicerone
1273 3617 1349 3683 Nat.
1367 3610 1561 3703 Deor.117‚
1582 3623 1623 3685 20

277 3739 392 3805 dicitur
424 3739 537 3804 solitus
569 3758 641 3806 esse
675 3739 821 3805 uberiore
854 3738 1072 3823 disputatione
1105 3739 1226 3804 evitata
1257 3739 1372 3805 breves
1404 3747 1624 3826 angustasque

275 3860 552 3926 conclusiunculas
574 3880 702 3946 ponere.
751 3860 972 3927 concludendi
993 3865 1100 3925 autem
1123 3860 1215 3942 quasi
1234 3881 1325 3925 arma
1347 3859 1506 3942 quaedam
1528 3862 1625 3928 mini-

275 3988 376 4047 strare
398 3980 530 4065 eiusque
553 3981 600 4046 rei
621 4001 750 4047 normas
767 3988 799 4048 et
820 3981 912 4065 leges
926 3979 1121 4047 constituero
1136 3979 1289 4064 quoniam
1303 3979 1378 4046 inde
1393 3981 1435 4047 ab
1451 3982 1623 4050 Aristotele

274 4102 450 4188 principale
483 4101 608 4186 logicae
641 4122 757 4168 munus
790 4101 987 4183 habebatur,
1023 4100 1205 4192 necessario
1238 4100 1366 4167 videtur
1397 4101 1482 4168 effici
1514 4103 1620 4190 ipsum

273 4224 437 4290 Zenonem
460 4223 596 4308 logicam
613 4223 682 4290 sive
697 4223 900 4289 dialecticam
923 4261 965 4270 —
988 4222 1029 4288 de
1044 4223 1106 4288 hac
1121 4222 1205 4288 enim
1228 4227 1352 4288 tantum
1374 4223 1500 4308 logicae
1514 4232 1617 4311 parte,

273 4365 337 4410 non
359 4343 400 4410 de
423 4343 580 4411 rhetorica
602 4344 654 4411 hic
676 4344 841 4428 quaeritur
869 4381 912 4392 -
941 4341 983 4409 ad
1013 4342 1160 4426 singulas
1190 4363 1316 4426 quoque
1346 4343 1535 4431 disciplinas
1561 4348 1622 4413 ad-

171 4513 173 4518 ·
273 4464 427 4531 hibuisse.
469 4464 536 4531 Sed
557 4484 670 4532 vereor
692 4473 726 4532 ut
747 4465 829 4531 haec
851 4465 932 4531 satis
954 4470 1041 4530 certa
1063 4463 1138 4529 sint.
1176 4463 1418 4532 Existimaverit
1439 4466 1527 4533 Zeno
1549 4467 1622 4534 dia-

273 4585 419 4653 lecticam
441 4586 635 4672 propositam
659 4586 720 4651 sihi
742 4586 862 4652 habere
885 4586 1069 4652 universam
1092 4583 1305 4651 concludendi
1327 4586 1493 4671 rationem,
1518 4588 1564 4655 ita
1587 4597 1622 4656 ut

273 4729 344 4774 eam
367 4727 494 4791 quoquc
516 4728 599 4792 quae
621 4707 748 4794 proprie
771 4707 998 4774 demonstratio
1022 4701 1190 4792 (ἀπόδειξις)
1217 4707 1401 4793 appellatur
1421 4729 1485 4774 non
1507 4711 1621 4794 negle-

361 4918 378 4981 ¹)
399 4917 488 4972 Simili
506 4916 590 4970 modo
609 4914 725 4972 verbum
744 4913 865 4987 ἐγκρίνειν
886 4915 1083 4985 accipiendum
1102 4915 1157 4970 crit
1174 4915 1250 4985 apud
1269 4914 1387 4970 cundem
1405 4917 1561 4985 Diogenem
1578 4919 1619 4973 IX

275 5005 337 5054 lli:
359 5003 464 5074 συνεχὲς
483 5001 607 5074 ἐπιλέγειν
626 5001 713 5056 εἰώθει
736 5006 782 5067 (sc.
798 5002 812 5056 ὁ
826 4999 924 5070 Τίμων)
944 5002 1008 5072 πρὸς
1025 5001 1085 5062 τοὺς
1102 5003 1149 5061 τὰς
1166 4999 1298 5071 αἰσθήσεις
1317 4998 1374 5071 μετ’
1389 5003 1620 5075 ἐπιμαρτυροῦντος

270 5095 316 5142 τοῦ
334 5094 379 5142 νοῦ
398 5087 567 5162 ἐγκρίνοντας.
