<?xml version="1.0" encoding="UTF-8"?>
<!DOCTYPE html PUBLIC "-//W3C//DTD XHTML 1.0 Transitional//EN"
    "http://www.w3.org/TR/xhtml1/DTD/xhtml1-transitional.dtd">
<html xmlns="http://www.w3.org/1999/xhtml" xml:lang="en" lang="en">
 <head>
  <title>
</title>
<meta http-equiv="Content-Type" content="text/html;charset=utf-8" />
  <meta name='ocr-system' content='tesseract 3.04.00' />
  <meta name='ocr-capabilities' content='ocr_page ocr_carea ocr_par ocr_line ocrx_word'/>
</head>
<body>
  <div class='ocr_page' id='page_1' title='image "./satvraphilologa00unkngoog_0117.png"; bbox 0 0 4118 6240; ppageno 0'>
   <div class='ocr_carea' id='block_1_1' title="bbox 468 613 1236 677">
    <p class='ocr_par' dir='ltr' id='par_1_1' title="bbox 468 613 1236 677">
     <span class='ocr_line' id='line_1_1' title="bbox 468 613 1236 677; baseline -0.007 -4"><span class='ocrx_word' id='word_1_1' title='bbox 468 614 528 677; x_wconf 86' lang='grc'><strong>106</strong></span> <span class='ocrx_word' id='word_1_2' title='bbox 1042 613 1075 669; x_wconf 83' lang='grc' dir='ltr'>Ε.</span> <span class='ocrx_word' id='word_1_3' title='bbox 1096 615 1236 670; x_wconf 84' lang='lat' dir='ltr'>HILLER</span> 
     </span>
    </p>
   </div>
   <div class='ocr_carea' id='block_1_2' title="bbox 466 795 1813 891">
    <p class='ocr_par' dir='ltr' id='par_1_2' title="bbox 466 795 1813 891">
     <span class='ocr_line' id='line_1_2' title="bbox 466 795 1813 891; baseline 0.003 -25"><span class='ocrx_word' id='word_1_4' title='bbox 466 798 601 890; x_wconf 83' lang='grc' dir='ltr'>καθαρὸν</span> <span class='ocrx_word' id='word_1_5' title='bbox 624 795 687 868; x_wconf 77' lang='grc' dir='ltr'>οὔτ’</span> <span class='ocrx_word' id='word_1_6' title='bbox 713 795 843 891; x_wconf 82' lang='grc' dir='ltr'>α’ίκρατον</span> <span class='ocrx_word' id='word_1_7' title='bbox 866 801 1025 873; x_wconf 77' lang='grc' dir='ltr'>ὀδώδασιν.</span> <span class='ocrx_word' id='word_1_8' title='bbox 1059 800 1153 870; x_wconf 84' lang='grc' dir='ltr'>αἴτιον</span> <span class='ocrx_word' id='word_1_9' title='bbox 1176 803 1210 870; x_wconf 82' lang='grc' dir='ltr'>δέ</span> <span class='ocrx_word' id='word_1_10' title='bbox 1231 798 1277 869; x_wconf 77' lang='grc' dir='ltr'>δτι</span> <span class='ocrx_word' id='word_1_11' title='bbox 1305 800 1403 869; x_wconf 80' lang='grc' dir='ltr'>πολλὰ</span> <span class='ocrx_word' id='word_1_12' title='bbox 1425 809 1481 869; x_wconf 80' lang='grc' dir='ltr'>τῶν</span> <span class='ocrx_word' id='word_1_13' title='bbox 1503 807 1623 890; x_wconf 77' lang='grc' dir='ltr'>γεωδῶν</span> <span class='ocrx_word' id='word_1_14' title='bbox 1647 804 1698 870; x_wconf 83' lang='grc' dir='ltr'>καί</span> <span class='ocrx_word' id='word_1_15' title='bbox 1722 805 1813 870; x_wconf 84' lang='grc' dir='ltr'>θολε-</span> 
     </span>
    </p>
   </div>
   <div class='ocr_carea' id='block_1_3' title="bbox 464 921 1813 1375">
    <p class='ocr_par' dir='ltr' id='par_1_3' title="bbox 466 921 1813 1014">
     <span class='ocr_line' id='line_1_3' title="bbox 466 921 1813 1014; baseline 0.003 -27"><span class='ocrx_word' id='word_1_16' title='bbox 466 928 522 1010; x_wconf 81' lang='grc' dir='ltr'>ρῶν</span> <span class='ocrx_word' id='word_1_17' title='bbox 546 926 786 1012; x_wconf 83' lang='grc' dir='ltr'>συναποφέρεται</span> <span class='ocrx_word' id='word_1_18' title='bbox 806 929 843 1013; x_wconf 72' lang='grc' dir='ltr'>τῇ</span> <span class='ocrx_word' id='word_1_19' title='bbox 866 921 963 1014; x_wconf 78' lang='grc' dir='ltr'>ὀσμή,</span> <span class='ocrx_word' id='word_1_20' title='bbox 997 925 1048 992; x_wconf 89' lang='grc' dir='ltr'>καί</span> <span class='ocrx_word' id='word_1_21' title='bbox 1071 927 1245 1013; x_wconf 74' lang='grc' dir='ltr'>διαφθείρει</span> <span class='ocrx_word' id='word_1_22' title='bbox 1272 921 1325 1012; x_wconf 82' lang='grc' dir='ltr'>τήν</span> <span class='ocrx_word' id='word_1_23' title='bbox 1348 921 1477 991; x_wconf 75' lang='grc' dir='ltr'>εὐωδίαν</span> <span class='ocrx_word' id='word_1_24' title='bbox 1506 921 1631 1012; x_wconf 76' lang='grc' dir='ltr'>ἐγγύθεν</span> <span class='ocrx_word' id='word_1_25' title='bbox 1654 929 1813 1014; x_wconf 87' lang='grc' dir='ltr'>λαμβανο-</span> 
     </span>
    </p>

    <p class='ocr_par' dir='ltr' id='par_1_4' title="bbox 468 1038 1808 1135">
     <span class='ocr_line' id='line_1_4' title="bbox 468 1038 1808 1135; baseline 0.001 -25"><span class='ocrx_word' id='word_1_26' title='bbox 468 1046 573 1131; x_wconf 86' lang='grc' dir='ltr'>μένην·</span> <span class='ocrx_word' id='word_1_27' title='bbox 607 1040 642 1110; x_wconf 84' lang='grc' dir='ltr'>άν</span> <span class='ocrx_word' id='word_1_28' title='bbox 666 1041 695 1111; x_wconf 84' lang='grc' dir='ltr'>δ’</span> <span class='ocrx_word' id='word_1_29' title='bbox 727 1038 868 1128; x_wconf 79' lang='grc' dir='ltr'>ἄπωθεν,</span> <span class='ocrx_word' id='word_1_30' title='bbox 901 1044 937 1113; x_wconf 84' lang='grc' dir='ltr'>τὰ</span> <span class='ocrx_word' id='word_1_31' title='bbox 968 1047 1021 1133; x_wconf 85' lang='grc' dir='ltr'>μέν</span> <span class='ocrx_word' id='word_1_32' title='bbox 1052 1042 1165 1135; x_wconf 84' lang='grc' dir='ltr'>θολερά</span> <span class='ocrx_word' id='word_1_33' title='bbox 1193 1047 1245 1112; x_wconf 84' lang='grc' dir='ltr'>καί</span> <span class='ocrx_word' id='word_1_34' title='bbox 1274 1043 1371 1134; x_wconf 79' lang='grc' dir='ltr'>γεώδη</span> <span class='ocrx_word' id='word_1_35' title='bbox 1400 1050 1536 1135; x_wconf 80' lang='grc' dir='ltr'><strong>περιρρεῖ</strong></span> <span class='ocrx_word' id='word_1_36' title='bbox 1563 1046 1614 1112; x_wconf 82' lang='grc' dir='ltr'>καί</span> <span class='ocrx_word' id='word_1_37' title='bbox 1642 1043 1808 1130; x_wconf 68' lang='grc' dir='ltr'>ὑποπίπτει,</span> 
     </span>
    </p>

    <p class='ocr_par' dir='ltr' id='par_1_5' title="bbox 464 1162 1765 1375">
     <span class='ocr_line' id='line_1_5' title="bbox 464 1162 1765 1258; baseline 0.002 -27"><span class='ocrx_word' id='word_1_38' title='bbox 464 1162 497 1232; x_wconf 87' lang='grc' dir='ltr'>τὸ</span> <span class='ocrx_word' id='word_1_39' title='bbox 521 1163 548 1232; x_wconf 83' lang='grc' dir='ltr'>δ’</span> <span class='ocrx_word' id='word_1_40' title='bbox 576 1167 732 1254; x_wconf 85' lang='grc' dir='ltr'>είλικρινὲς</span> <span class='ocrx_word' id='word_1_41' title='bbox 754 1165 805 1234; x_wconf 87' lang='grc' dir='ltr'>καὶ</span> <span class='ocrx_word' id='word_1_42' title='bbox 827 1164 938 1256; x_wconf 86' lang='grc' dir='ltr'>θερμὸν</span> <span class='ocrx_word' id='word_1_43' title='bbox 961 1165 1017 1235; x_wconf 81' lang='grc' dir='ltr'>ὑπὸ</span> <span class='ocrx_word' id='word_1_44' title='bbox 1040 1165 1219 1256; x_wconf 78' lang='grc' dir='ltr'>λεπτότητος</span> <span class='ocrx_word' id='word_1_45' title='bbox 1240 1165 1422 1243; x_wconf 73' lang='grc' dir='ltr'>διασώζεται</span> <span class='ocrx_word' id='word_1_46' title='bbox 1443 1167 1516 1258; x_wconf 82' lang='grc' dir='ltr'>πρὸς</span> <span class='ocrx_word' id='word_1_47' title='bbox 1537 1166 1591 1256; x_wconf 80' lang='grc' dir='ltr'>τήν</span> <span class='ocrx_word' id='word_1_48' title='bbox 1614 1166 1765 1254; x_wconf 87' lang='grc' dir='ltr'>αἴσθησιν.</span> 
     </span>
     <span class='ocr_line' id='line_1_6' title="bbox 552 1273 1449 1375; baseline 0.002 -20"><span class='ocrx_word' id='word_1_49' title='bbox 552 1289 601 1355; x_wconf 80' lang='lat' dir='ltr'>Cf.</span> <span class='ocrx_word' id='word_1_50' title='bbox 627 1288 759 1356; x_wconf 81' lang='lat' dir='ltr'>Aristot.</span> <span class='ocrx_word' id='word_1_51' title='bbox 784 1289 939 1375; x_wconf 87' lang='lat' dir='ltr'>problom.</span> <span class='ocrx_word' id='word_1_52' title='bbox 965 1295 1017 1375; x_wconf 83' lang='lat'>31,</span> <span class='ocrx_word' id='word_1_53' title='bbox 1044 1295 1095 1358; x_wconf 87' lang='grc'>25.</span> <span class='ocrx_word' id='word_1_54' title='bbox 1429 1273 1449 1285; x_wconf 64' lang='grc'><strong>’</strong></span> 
     </span>
    </p>
   </div>
   <div class='ocr_carea' id='block_1_4' title="bbox 463 1489 1813 2554">
    <p class='ocr_par' dir='ltr' id='par_1_6' title="bbox 466 1489 1812 1951">
     <span class='ocr_line' id='line_1_7' title="bbox 551 1489 1811 1583; baseline 0.002 -23"><span class='ocrx_word' id='word_1_55' title='bbox 551 1489 625 1560; x_wconf 80' lang='lat' dir='ltr'>XX.</span> <span class='ocrx_word' id='word_1_56' title='bbox 649 1498 756 1583; x_wconf 86' lang='lat' dir='ltr'><strong>Etym.</strong></span> <span class='ocrx_word' id='word_1_57' title='bbox 776 1519 817 1563; x_wconf 91' lang='grc' dir='ltr'>ιιι.</span> <span class='ocrx_word' id='word_1_58' title='bbox 841 1499 921 1582; x_wconf 88' lang='lat' dir='ltr'>(eod.</span> <span class='ocrx_word' id='word_1_59' title='bbox 941 1498 1056 1583; x_wconf 83' lang='lat' dir='ltr'>Poris.)</span> <span class='ocrx_word' id='word_1_60' title='bbox 1084 1502 1136 1576; x_wconf 86' lang='grc'>66,</span> <span class='ocrx_word' id='word_1_61' title='bbox 1156 1503 1186 1564; x_wconf 87' lang='lat'>5.</span> <span class='ocrx_word' id='word_1_62' title='bbox 1234 1499 1341 1583; x_wconf 83' lang='lat' dir='ltr'><strong>Etym.</strong></span> <span class='ocrx_word' id='word_1_63' title='bbox 1367 1498 1522 1582; x_wconf 71' lang='lat' dir='ltr'>(ruore,</span> <span class='ocrx_word' id='word_1_64' title='bbox 1545 1501 1583 1563; x_wconf 88' lang='grc'><strong>13</strong></span> <span class='ocrx_word' id='word_1_65' title='bbox 1612 1498 1670 1581; x_wconf 86' lang='lat' dir='ltr'>(ef.</span> <span class='ocrx_word' id='word_1_66' title='bbox 1688 1496 1811 1564; x_wconf 81' lang='lat' dir='ltr'><em>Ritsehl</em></span> 
     </span>
     <span class='ocr_line' id='line_1_8' title="bbox 466 1598 1812 1707; baseline 0.002 -27"><span class='ocrx_word' id='word_1_67' title='bbox 466 1635 575 1701; x_wconf 77' lang='lat' dir='ltr'>opusc.</span> <span class='ocrx_word' id='word_1_68' title='bbox 595 1615 704 1702; x_wconf 86' lang='lat' dir='ltr'>philol.</span> <span class='ocrx_word' id='word_1_69' title='bbox 724 1618 786 1704; x_wconf 91' lang='lat' dir='ltr'>lp.</span> <span class='ocrx_word' id='word_1_70' title='bbox 806 1621 878 1703; x_wconf 84' lang='lat'>681)</span> <span class='ocrx_word' id='word_1_71' title='bbox 898 1616 1029 1701; x_wconf 87' lang='grc' dir='ltr'>άλκαία,</span> <span class='ocrx_word' id='word_1_72' title='bbox 1054 1615 1074 1705; x_wconf 78' lang='grc' dir='ltr'>ἡ</span> <span class='ocrx_word' id='word_1_73' title='bbox 1098 1615 1190 1706; x_wconf 83' lang='grc' dir='ltr'>οὐρά,</span> <span class='ocrx_word' id='word_1_74' title='bbox 1217 1619 1327 1707; x_wconf 89' lang='grc' dir='ltr'>κυρίως</span> <span class='ocrx_word' id='word_1_75' title='bbox 1344 1619 1377 1684; x_wconf 81' lang='grc' dir='ltr'>δὲ</span> <span class='ocrx_word' id='word_1_76' title='bbox 1396 1615 1415 1706; x_wconf 83' lang='grc' dir='ltr'>ἡ</span> <span class='ocrx_word' id='word_1_77' title='bbox 1435 1624 1487 1685; x_wconf 79' lang='grc' dir='ltr'>τοῦ</span> <span class='ocrx_word' id='word_1_78' title='bbox 1508 1598 1626 1693; x_wconf 88' lang='grc' dir='ltr'>λέοντος</span> <span class='ocrx_word' id='word_1_79' title='bbox 1641 1616 1692 1684; x_wconf 85' lang='grc' dir='ltr'>διά</span> <span class='ocrx_word' id='word_1_80' title='bbox 1716 1616 1748 1684; x_wconf 82' lang='grc' dir='ltr'>τὸ</span> <span class='ocrx_word' id='word_1_81' title='bbox 1769 1620 1812 1693; x_wconf 85' lang='grc' dir='ltr'>εἰς</span> 
     </span>
     <span class='ocr_line' id='line_1_9' title="bbox 466 1731 1809 1830; baseline 0.002 -29"><span class='ocrx_word' id='word_1_82' title='bbox 466 1731 561 1824; x_wconf 80' lang='grc' dir='ltr'>ἀλκήν</span> <span class='ocrx_word' id='word_1_83' title='bbox 584 1734 674 1804; x_wconf 78' lang='grc' dir='ltr'>αὐτὸν</span> <span class='ocrx_word' id='word_1_84' title='bbox 703 1741 892 1828; x_wconf 84' lang='grc' dir='ltr'>προτρέπειν·</span> <span class='ocrx_word' id='word_1_85' title='bbox 918 1739 985 1829; x_wconf 86' lang='grc' dir='ltr'>ἔχει</span> <span class='ocrx_word' id='word_1_86' title='bbox 1006 1736 1065 1828; x_wconf 85' lang='grc' dir='ltr'>γάρ</span> <span class='ocrx_word' id='word_1_87' title='bbox 1088 1740 1137 1806; x_wconf 85' lang='grc' dir='ltr'>ἐπί</span> <span class='ocrx_word' id='word_1_88' title='bbox 1159 1745 1196 1828; x_wconf 81' lang='grc' dir='ltr'>τῇ</span> <span class='ocrx_word' id='word_1_89' title='bbox 1220 1736 1296 1828; x_wconf 74' lang='grc' dir='ltr'>οὐρᾷ</span> <span class='ocrx_word' id='word_1_90' title='bbox 1318 1742 1438 1829; x_wconf 83' lang='grc' dir='ltr'>κέντρον</span> <span class='ocrx_word' id='word_1_91' title='bbox 1461 1737 1512 1830; x_wconf 76' lang='grc' dir='ltr'>ὕφ’</span> <span class='ocrx_word' id='word_1_92' title='bbox 1540 1734 1576 1809; x_wconf 77' lang='grc' dir='ltr'>οὗ</span> <span class='ocrx_word' id='word_1_93' title='bbox 1596 1736 1809 1828; x_wconf 79' lang='grc' dir='ltr'>παροξύνεται,</span> 
     </span>
     <span class='ocr_line' id='line_1_10' title="bbox 466 1854 1741 1951; baseline 0.002 -29"><span class='ocrx_word' id='word_1_94' title='bbox 466 1854 549 1923; x_wconf 90' lang='grc' dir='ltr'>καθά</span> <span class='ocrx_word' id='word_1_95' title='bbox 571 1884 663 1947; x_wconf 89' lang='grc' dir='ltr'>φησιν</span> <span class='ocrx_word' id='word_1_96' title='bbox 679 1856 856 1949; x_wconf 85' lang='grc' dir='ltr'>Ἱερώνυμος</span> <span class='ocrx_word' id='word_1_97' title='bbox 878 1860 930 1927; x_wconf 88' lang='grc' dir='ltr'>καί</span> <span class='ocrx_word' id='word_1_98' title='bbox 948 1858 1174 1951; x_wconf 81' lang='grc' dir='ltr'>Ἐπαφρόδιτος</span> <span class='ocrx_word' id='word_1_99' title='bbox 1197 1863 1228 1927; x_wconf 85' lang='grc' dir='ltr'>έν</span> <span class='ocrx_word' id='word_1_100' title='bbox 1252 1857 1418 1948; x_wconf 71' lang='grc' dir='ltr'>ὑπομνήσει</span> <span class='ocrx_word' id='word_1_101' title='bbox 1435 1858 1571 1936; x_wconf 78' lang='grc' dir='ltr'>Ἀσπίδος</span> <span class='ocrx_word' id='word_1_102' title='bbox 1587 1858 1741 1928; x_wconf 82' lang='grc' dir='ltr'>Ἡσιόδου.</span> 
     </span>
    </p>

    <p class='ocr_par' dir='ltr' id='par_1_7' title="bbox 463 1964 1813 2554">
     <span class='ocr_line' id='line_1_11' title="bbox 544 1964 1810 2070; baseline 0.002 -24"><span class='ocrx_word' id='word_1_103' title='bbox 544 1976 733 2069; x_wconf 83' lang='grc' dir='ltr'>Ἡρωδιανὸς</span> <span class='ocrx_word' id='word_1_104' title='bbox 756 2004 813 2069; x_wconf 89' lang='lat' dir='ltr'>pro</span> <span class='ocrx_word' id='word_1_105' title='bbox 829 1979 1011 2070; x_wconf 81' lang='grc' dir='ltr'>Ἱερώνυμος</span> <span class='ocrx_word' id='word_1_106' title='bbox 1033 2004 1096 2050; x_wconf 88' lang='lat' dir='ltr'>non</span> <span class='ocrx_word' id='word_1_107' title='bbox 1119 1989 1206 2049; x_wconf 85' lang='lat' dir='ltr'><em>reete</em></span> <span class='ocrx_word' id='word_1_108' title='bbox 1222 1982 1303 2049; x_wconf 89' lang='lat' dir='ltr'>eoni.</span> <span class='ocrx_word' id='word_1_109' title='bbox 1322 1983 1492 2050; x_wconf 82' lang='lat' dir='ltr'><em>Neuekius</em></span> <span class='ocrx_word' id='word_1_110' title='bbox 1507 1964 1621 2049; x_wconf 78' lang='lat' dir='ltr'>Philol.</span> <span class='ocrx_word' id='word_1_111' title='bbox 1640 1984 1714 2068; x_wconf 90' lang='lat' dir='ltr'>Vp.</span> <span class='ocrx_word' id='word_1_112' title='bbox 1735 1986 1810 2048; x_wconf 83' lang='grc'><strong>691.</strong></span> 
     </span>
     <span class='ocr_line' id='line_1_12' title="bbox 466 2101 1811 2190; baseline 0 -23"><span class='ocrx_word' id='word_1_113' title='bbox 466 2101 517 2167; x_wconf 83' lang='lat' dir='ltr'>Of.</span> <span class='ocrx_word' id='word_1_114' title='bbox 543 2104 711 2170; x_wconf 88' lang='lat' dir='ltr'><em>Luenzner</em></span> <span class='ocrx_word' id='word_1_115' title='bbox 733 2105 943 2190; x_wconf 80' lang='lat' dir='ltr'>Epaphroditi</span> <span class='ocrx_word' id='word_1_116' title='bbox 966 2123 1048 2189; x_wconf 82' lang='lat' dir='ltr'>quae</span> <span class='ocrx_word' id='word_1_117' title='bbox 1071 2122 1196 2190; x_wconf 78' lang='lat' dir='ltr'><em>supere.</em></span> <span class='ocrx_word' id='word_1_118' title='bbox 1222 2126 1254 2190; x_wconf 94' lang='lat' dir='ltr'>p.</span> <span class='ocrx_word' id='word_1_119' title='bbox 1285 2108 1333 2169; x_wconf 94' lang='grc'><strong>16.</strong></span> <span class='ocrx_word' id='word_1_120' title='bbox 1361 2109 1414 2168; x_wconf 85' lang='grc'>45.</span> <span class='ocrx_word' id='word_1_121' title='bbox 1461 2105 1571 2171; x_wconf 91' lang='lat' dir='ltr'>Sohol.</span> <span class='ocrx_word' id='word_1_122' title='bbox 1597 2106 1624 2170; x_wconf 93' lang='lat' dir='ltr'><strong>B</strong></span> <span class='ocrx_word' id='word_1_123' title='bbox 1646 2105 1685 2170; x_wconf 89' lang='lat' dir='ltr'>ll.</span> <span class='ocrx_word' id='word_1_124' title='bbox 1704 2105 1733 2169; x_wconf 92' lang='lat' dir='ltr'>Y</span> <span class='ocrx_word' id='word_1_125' title='bbox 1752 2108 1811 2168; x_wconf 86' lang='lat'>170</span> 
     </span>
     <span class='ocr_line' id='line_1_13' title="bbox 470 2216 1812 2314; baseline 0.003 -28"><span class='ocrx_word' id='word_1_126' title='bbox 470 2216 555 2309; x_wconf 84' lang='grc' dir='ltr'>(οόρῇ</span> <span class='ocrx_word' id='word_1_127' title='bbox 585 2224 618 2288; x_wconf 86' lang='grc' dir='ltr'>δὲ</span> <span class='ocrx_word' id='word_1_128' title='bbox 647 2220 777 2312; x_wconf 84' lang='grc' dir='ltr'>πλευράς</span> <span class='ocrx_word' id='word_1_129' title='bbox 807 2250 839 2291; x_wconf 90' lang='grc' dir='ltr'>τε</span> <span class='ocrx_word' id='word_1_130' title='bbox 868 2225 921 2291; x_wconf 86' lang='grc' dir='ltr'>καί</span> <span class='ocrx_word' id='word_1_131' title='bbox 951 2227 1035 2313; x_wconf 81' lang='grc' dir='ltr'>ἰσχία</span> <span class='ocrx_word' id='word_1_132' title='bbox 1065 2221 1282 2313; x_wconf 72' lang='grc' dir='ltr'>ἀμφοτέρωθεν</span> <span class='ocrx_word' id='word_1_133' title='bbox 1312 2226 1476 2311; x_wconf 83' lang='grc' dir='ltr'>μαστίεται)</span> <span class='ocrx_word' id='word_1_134' title='bbox 1511 2225 1579 2314; x_wconf 88' lang='grc' dir='ltr'>ἔχει</span> <span class='ocrx_word' id='word_1_135' title='bbox 1600 2222 1657 2314; x_wconf 88' lang='grc' dir='ltr'>γάρ</span> <span class='ocrx_word' id='word_1_136' title='bbox 1681 2220 1812 2311; x_wconf 80' lang='grc' dir='ltr'>δπὸτῇ</span> 
     </span>
     <span class='ocr_line' id='line_1_14' title="bbox 465 2339 1813 2435; baseline 0.002 -29"><span class='ocrx_word' id='word_1_137' title='bbox 465 2339 541 2430; x_wconf 74' lang='grc' dir='ltr'>οὐρᾷ</span> <span class='ocrx_word' id='word_1_138' title='bbox 563 2346 684 2432; x_wconf 90' lang='grc' dir='ltr'>κέντρον</span> <span class='ocrx_word' id='word_1_139' title='bbox 708 2348 815 2431; x_wconf 89' lang='grc' dir='ltr'>μέλαν,</span> <span class='ocrx_word' id='word_1_140' title='bbox 842 2342 880 2421; x_wconf 83' lang='grc' dir='ltr'>ὡς</span> <span class='ocrx_word' id='word_1_141' title='bbox 903 2343 1051 2435; x_wconf 80' lang='grc' dir='ltr'>κεράτιον,</span> <span class='ocrx_word' id='word_1_142' title='bbox 1078 2341 1118 2412; x_wconf 87' lang='grc' dir='ltr'>δι’</span> <span class='ocrx_word' id='word_1_143' title='bbox 1144 2340 1179 2412; x_wconf 81' lang='grc' dir='ltr'>οὗ</span> <span class='ocrx_word' id='word_1_144' title='bbox 1202 2343 1308 2412; x_wconf 85' lang='grc' dir='ltr'>ἑαυτὸν</span> <span class='ocrx_word' id='word_1_145' title='bbox 1331 2348 1466 2432; x_wconf 75' lang='grc' dir='ltr'>μαστίζει</span> <span class='ocrx_word' id='word_1_146' title='bbox 1494 2343 1556 2435; x_wconf 74' lang='grc' dir='ltr'>(ὑφ’</span> <span class='ocrx_word' id='word_1_147' title='bbox 1581 2340 1618 2414; x_wconf 81' lang='grc' dir='ltr'>οὗ</span> <span class='ocrx_word' id='word_1_148' title='bbox 1639 2343 1813 2432; x_wconf 80' lang='grc' dir='ltr'>κοπτόμενος</span> 
     </span>
     <span class='ocr_line' id='line_1_15' title="bbox 463 2462 1065 2554; baseline 0.007 -25"><span class='ocrx_word' id='word_1_149' title='bbox 463 2465 553 2531; x_wconf 82' lang='grc' dir='ltr'>πλέον</span> <span class='ocrx_word' id='word_1_150' title='bbox 576 2462 734 2554; x_wconf 80' lang='grc' dir='ltr'>άγριοδται</span> <span class='ocrx_word' id='word_1_151' title='bbox 756 2467 832 2534; x_wconf 87' lang='lat' dir='ltr'><strong>add.</strong></span> <span class='ocrx_word' id='word_1_152' title='bbox 859 2490 944 2534; x_wconf 82' lang='lat' dir='ltr'><strong>man.</strong></span> <span class='ocrx_word' id='word_1_153' title='bbox 970 2470 1065 2551; x_wconf 74' lang='lat' dir='ltr'><em>see).</em></span> 
     </span>
    </p>
   </div>
   <div class='ocr_carea' id='block_1_5' title="bbox 462 2655 1813 3835">
    <p class='ocr_par' dir='ltr' id='par_1_8' title="bbox 463 2655 1813 2986">
     <span class='ocr_line' id='line_1_16' title="bbox 550 2655 1809 2746; baseline -0.002 -23"><span class='ocrx_word' id='word_1_154' title='bbox 550 2657 641 2723; x_wconf 87' lang='lat' dir='ltr'><strong>XXI.</strong></span> <span class='ocrx_word' id='word_1_155' title='bbox 667 2659 774 2724; x_wconf 74' lang='lat' dir='ltr'><em>Laert.</em></span> <span class='ocrx_word' id='word_1_156' title='bbox 792 2659 808 2723; x_wconf 95' lang='lat' dir='ltr'>I</span> <span class='ocrx_word' id='word_1_157' title='bbox 824 2661 862 2722; x_wconf 86' lang='grc'>27</span> <span class='ocrx_word' id='word_1_158' title='bbox 888 2655 904 2724; x_wconf 81' lang='grc' dir='ltr'>δ</span> <span class='ocrx_word' id='word_1_159' title='bbox 924 2658 957 2724; x_wconf 81' lang='grc' dir='ltr'>δὲ</span> <span class='ocrx_word' id='word_1_160' title='bbox 973 2655 1158 2746; x_wconf 79' lang='grc' dir='ltr'>Ἱερώνυμος</span> <span class='ocrx_word' id='word_1_161' title='bbox 1174 2658 1225 2724; x_wconf 88' lang='grc' dir='ltr'>καί</span> <span class='ocrx_word' id='word_1_162' title='bbox 1239 2660 1423 2746; x_wconf 78' lang='grc' dir='ltr'>ἐκμετρῆσαί</span> <span class='ocrx_word' id='word_1_163' title='bbox 1438 2683 1528 2745; x_wconf 88' lang='grc' dir='ltr'>φησιν</span> <span class='ocrx_word' id='word_1_164' title='bbox 1546 2655 1633 2724; x_wconf 80' lang='grc' dir='ltr'>αὐτὸν</span> <span class='ocrx_word' id='word_1_165' title='bbox 1654 2657 1809 2741; x_wconf 73' lang='lat' dir='ltr'>(Thalem)</span> 
     </span>
     <span class='ocr_line' id='line_1_17' title="bbox 463 2774 1813 2868; baseline 0 -26"><span class='ocrx_word' id='word_1_166' title='bbox 463 2774 516 2850; x_wconf 87' lang='grc' dir='ltr'>τάς</span> <span class='ocrx_word' id='word_1_167' title='bbox 538 2780 725 2865; x_wconf 91' lang='grc' dir='ltr'>πυραμίδας,</span> <span class='ocrx_word' id='word_1_168' title='bbox 750 2781 785 2844; x_wconf 83' lang='grc' dir='ltr'>ἐκ</span> <span class='ocrx_word' id='word_1_169' title='bbox 806 2784 859 2866; x_wconf 78' lang='grc' dir='ltr'>τῆς</span> <span class='ocrx_word' id='word_1_170' title='bbox 882 2785 967 2854; x_wconf 79' lang='grc' dir='ltr'>σκιὰς</span> <span class='ocrx_word' id='word_1_171' title='bbox 989 2776 1244 2868; x_wconf 74' lang='grc' dir='ltr'>παρατηρήσαντα</span> <span class='ocrx_word' id='word_1_172' title='bbox 1266 2775 1315 2846; x_wconf 68' lang='lat' dir='ltr'>Ite</span> <span class='ocrx_word' id='word_1_173' title='bbox 1336 2778 1408 2867; x_wconf 75' lang='grc' dir='ltr'>ἡμῖν</span> <span class='ocrx_word' id='word_1_174' title='bbox 1432 2780 1618 2866; x_wconf 82' lang='grc' dir='ltr'>ἰσομεγέθεις</span> <span class='ocrx_word' id='word_1_175' title='bbox 1648 2780 1707 2844; x_wconf 84' lang='grc' dir='ltr'>εἰσί</span> <span class='ocrx_word' id='word_1_176' title='bbox 1735 2780 1813 2860; x_wconf 78' lang='grc' dir='ltr'>(ἰσο-</span> 
     </span>
     <span class='ocr_line' id='line_1_18' title="bbox 465 2900 1239 2986; baseline 0.004 -22"><span class='ocrx_word' id='word_1_177' title='bbox 465 2900 597 2985; x_wconf 83' lang='grc' dir='ltr'>μεγέθης</span> <span class='ocrx_word' id='word_1_178' title='bbox 620 2901 683 2966; x_wconf 80' lang='grc' dir='ltr'>ἐστί</span> <span class='ocrx_word' id='word_1_179' title='bbox 704 2901 914 2986; x_wconf 83' lang='lat' dir='ltr'>probabiliter</span> <span class='ocrx_word' id='word_1_180' title='bbox 936 2902 1018 2968; x_wconf 86' lang='lat' dir='ltr'>coni.</span> <span class='ocrx_word' id='word_1_181' title='bbox 1043 2902 1239 2986; x_wconf 80' lang='lat' dir='ltr'>Menagius).</span> 
     </span>
    </p>

    <p class='ocr_par' dir='ltr' id='par_1_9' title="bbox 462 3020 1813 3835">
     <span class='ocr_line' id='line_1_19' title="bbox 551 3020 1813 3104; baseline -0.003 -17"><span class='ocrx_word' id='word_1_182' title='bbox 551 3020 602 3087; x_wconf 79' lang='lat' dir='ltr'>Of.</span> <span class='ocrx_word' id='word_1_183' title='bbox 638 3021 720 3087; x_wconf 88' lang='lat' dir='ltr'><strong>Plin.</strong></span> <span class='ocrx_word' id='word_1_184' title='bbox 753 3030 818 3088; x_wconf 86' lang='lat' dir='ltr'>nat.</span> <span class='ocrx_word' id='word_1_185' title='bbox 853 3022 927 3088; x_wconf 83' lang='lat' dir='ltr'><strong>hist.</strong></span> <span class='ocrx_word' id='word_1_186' title='bbox 959 3023 1101 3088; x_wconf 86' lang='lat' dir='ltr'>XXXVI</span> <span class='ocrx_word' id='word_1_187' title='bbox 1134 3026 1184 3104; x_wconf 91' lang='grc'>12,</span> <span class='ocrx_word' id='word_1_188' title='bbox 1211 3026 1251 3087; x_wconf 87' lang='grc'>82</span> <span class='ocrx_word' id='word_1_189' title='bbox 1288 3044 1465 3086; x_wconf 68' lang='lat' dir='ltr'><em>merituram</em></span> <span class='ocrx_word' id='word_1_190' title='bbox 1498 3020 1677 3086; x_wconf 73' lang='lat' dir='ltr'>altitudinis</span> <span class='ocrx_word' id='word_1_191' title='bbox 1706 3043 1813 3084; x_wconf 82' lang='lat' dir='ltr'><em>eorum</em></span> 
     </span>
     <span class='ocr_line' id='line_1_20' title="bbox 465 3141 1813 3227; baseline 0 -22"><span class='ocrx_word' id='word_1_192' title='bbox 465 3163 644 3226; x_wconf 84' lang='lat' dir='ltr'><em>omnemque</em></span> <span class='ocrx_word' id='word_1_193' title='bbox 665 3142 798 3206; x_wconf 74' lang='lat' dir='ltr'><em>similem</em></span> <span class='ocrx_word' id='word_1_194' title='bbox 820 3143 1049 3227; x_wconf 72' lang='lat' dir='ltr'><em>deprehendere</em></span> <span class='ocrx_word' id='word_1_195' title='bbox 1072 3143 1190 3207; x_wconf 80' lang='lat' dir='ltr'><em>r&#39;rroenit</em></span> <span class='ocrx_word' id='word_1_196' title='bbox 1208 3142 1321 3207; x_wconf 76' lang='lat' dir='ltr'><em>Thales</em></span> <span class='ocrx_word' id='word_1_197' title='bbox 1337 3142 1483 3208; x_wconf 73' lang='lat' dir='ltr'><em>Milesius</em></span> <span class='ocrx_word' id='word_1_198' title='bbox 1497 3143 1639 3207; x_wconf 80' lang='lat' dir='ltr'><em>umbram</em></span> <span class='ocrx_word' id='word_1_199' title='bbox 1661 3141 1813 3206; x_wconf 82' lang='lat' dir='ltr'><em>metiendo</em></span> 
     </span>
     <span class='ocr_line' id='line_1_21' title="bbox 465 3262 1811 3350; baseline -0.001 -23"><span class='ocrx_word' id='word_1_200' title='bbox 465 3285 526 3346; x_wconf 84' lang='lat' dir='ltr'>quo</span> <span class='ocrx_word' id='word_1_201' title='bbox 552 3262 631 3327; x_wconf 80' lang='grc' dir='ltr'>Ιιονα</span> <span class='ocrx_word' id='word_1_202' title='bbox 656 3286 723 3346; x_wconf 85' lang='lat' dir='ltr'><em>per</em></span> <span class='ocrx_word' id='word_1_203' title='bbox 751 3286 817 3327; x_wconf 76' lang='lat' dir='ltr'><em>osee</em></span> <span class='ocrx_word' id='word_1_204' title='bbox 845 3264 972 3347; x_wconf 82' lang='lat' dir='ltr'><em>corpori</em></span> <span class='ocrx_word' id='word_1_205' title='bbox 998 3264 1085 3328; x_wconf 77' lang='lat' dir='ltr'><em>solet.</em></span> <span class='ocrx_word' id='word_1_206' title='bbox 1149 3264 1233 3330; x_wconf 90' lang='lat' dir='ltr'><strong>Plut.</strong></span> <span class='ocrx_word' id='word_1_207' title='bbox 1268 3270 1392 3348; x_wconf 81' lang='lat' dir='ltr'>septem</span> <span class='ocrx_word' id='word_1_208' title='bbox 1420 3283 1490 3350; x_wconf 83' lang='lat' dir='ltr'>sep.</span> <span class='ocrx_word' id='word_1_209' title='bbox 1522 3284 1614 3329; x_wconf 84' lang='lat' dir='ltr'>conv.</span> <span class='ocrx_word' id='word_1_210' title='bbox 1640 3266 1660 3326; x_wconf 95' lang='grc'><strong>2</strong></span> <span class='ocrx_word' id='word_1_211' title='bbox 1691 3284 1724 3347; x_wconf 89' lang='lat' dir='ltr'>p.</span> <span class='ocrx_word' id='word_1_212' title='bbox 1753 3266 1811 3326; x_wconf 79' lang='grc'>117</span> 
     </span>
     <span class='ocr_line' id='line_1_22' title="bbox 464 3377 1813 3471; baseline 0 -24"><span class='ocrx_word' id='word_1_213' title='bbox 464 3380 529 3447; x_wconf 84' lang='grc' dir='ltr'>ἐπεί</span> <span class='ocrx_word' id='word_1_214' title='bbox 552 3388 605 3449; x_wconf 82' lang='grc' dir='ltr'>σοῦ</span> <span class='ocrx_word' id='word_1_215' title='bbox 627 3410 660 3470; x_wconf 93' lang='grc' dir='ltr'>γε</span> <span class='ocrx_word' id='word_1_216' title='bbox 683 3384 734 3448; x_wconf 85' lang='grc' dir='ltr'>καί</span> <span class='ocrx_word' id='word_1_217' title='bbox 758 3377 837 3450; x_wconf 86' lang='grc' dir='ltr'>άλλα</span> <span class='ocrx_word' id='word_1_218' title='bbox 861 3380 1024 3471; x_wconf 76' lang='grc' dir='ltr'>θαυμάζει,</span> <span class='ocrx_word' id='word_1_219' title='bbox 1051 3384 1103 3450; x_wconf 86' lang='grc' dir='ltr'>καί</span> <span class='ocrx_word' id='word_1_220' title='bbox 1133 3388 1186 3471; x_wconf 79' lang='grc' dir='ltr'>της</span> <span class='ocrx_word' id='word_1_221' title='bbox 1208 3385 1375 3471; x_wconf 84' lang='grc' dir='ltr'>πυραμίδος</span> <span class='ocrx_word' id='word_1_222' title='bbox 1403 3381 1456 3470; x_wconf 83' lang='grc' dir='ltr'>τήν</span> <span class='ocrx_word' id='word_1_223' title='bbox 1486 3385 1627 3471; x_wconf 82' lang='grc' dir='ltr'>μέτρησιν</span> <span class='ocrx_word' id='word_1_224' title='bbox 1656 3379 1813 3470; x_wconf 72' lang='grc' dir='ltr'>ὑπερφυῶς</span> 
     </span>
     <span class='ocr_line' id='line_1_23' title="bbox 462 3498 1813 3593; baseline 0 -25"><span class='ocrx_word' id='word_1_225' title='bbox 462 3499 629 3590; x_wconf 88' lang='grc' dir='ltr'>ήγάπησεν,</span> <span class='ocrx_word' id='word_1_226' title='bbox 648 3499 694 3570; x_wconf 80' lang='grc' dir='ltr'>δτι</span> <span class='ocrx_word' id='word_1_227' title='bbox 715 3501 813 3591; x_wconf 88' lang='grc' dir='ltr'>πάσης</span> <span class='ocrx_word' id='word_1_228' title='bbox 836 3498 907 3571; x_wconf 86' lang='grc' dir='ltr'>άνευ</span> <span class='ocrx_word' id='word_1_229' title='bbox 929 3507 1136 3593; x_wconf 76' lang='grc' dir='ltr'>πραγματείας</span> <span class='ocrx_word' id='word_1_230' title='bbox 1157 3504 1208 3571; x_wconf 86' lang='grc' dir='ltr'>καὶ</span> <span class='ocrx_word' id='word_1_231' title='bbox 1232 3502 1358 3592; x_wconf 83' lang='grc' dir='ltr'>μηδενὸς</span> <span class='ocrx_word' id='word_1_232' title='bbox 1375 3502 1503 3593; x_wconf 77' lang='grc' dir='ltr'>ὀργάνου</span> <span class='ocrx_word' id='word_1_233' title='bbox 1527 3505 1647 3591; x_wconf 84' lang='grc' dir='ltr'>δεηθεὶς</span> <span class='ocrx_word' id='word_1_234' title='bbox 1666 3501 1745 3570; x_wconf 81' lang='grc' dir='ltr'>ἀλλά</span> <span class='ocrx_word' id='word_1_235' title='bbox 1759 3500 1813 3589; x_wconf 83' lang='grc' dir='ltr'>τήν</span> 
     </span>
     <span class='ocr_line' id='line_1_24' title="bbox 466 3619 1812 3715; baseline -0.001 -25"><span class='ocrx_word' id='word_1_236' title='bbox 466 3626 632 3712; x_wconf 83' lang='grc' dir='ltr'>βακτηρίαν</span> <span class='ocrx_word' id='word_1_237' title='bbox 655 3622 767 3713; x_wconf 90' lang='grc' dir='ltr'>στήσας</span> <span class='ocrx_word' id='word_1_238' title='bbox 790 3626 838 3692; x_wconf 88' lang='grc' dir='ltr'>ἐπί</span> <span class='ocrx_word' id='word_1_239' title='bbox 861 3631 903 3715; x_wconf 79' lang='grc' dir='ltr'>τῷ</span> <span class='ocrx_word' id='word_1_240' title='bbox 925 3629 1032 3714; x_wconf 91' lang='grc' dir='ltr'>πέρατι</span> <span class='ocrx_word' id='word_1_241' title='bbox 1062 3630 1114 3713; x_wconf 77' lang='grc' dir='ltr'>της</span> <span class='ocrx_word' id='word_1_242' title='bbox 1138 3632 1223 3700; x_wconf 80' lang='grc' dir='ltr'>σκιάς</span> <span class='ocrx_word' id='word_1_243' title='bbox 1245 3619 1282 3712; x_wconf 76' lang='grc' dir='ltr'>ἣν</span> <span class='ocrx_word' id='word_1_244' title='bbox 1310 3623 1329 3712; x_wconf 82' lang='grc' dir='ltr'>ἡ</span> <span class='ocrx_word' id='word_1_245' title='bbox 1353 3625 1483 3714; x_wconf 85' lang='grc' dir='ltr'>πυραμίς</span> <span class='ocrx_word' id='word_1_246' title='bbox 1505 3627 1617 3706; x_wconf 83' lang='grc' dir='ltr'>ἐποίει,</span> <span class='ocrx_word' id='word_1_247' title='bbox 1643 3626 1812 3712; x_wconf 78' lang='grc' dir='ltr'>γενομένων</span> 
     </span>
     <span class='ocr_line' id='line_1_25' title="bbox 463 3741 1812 3835; baseline -0.001 -22"><span class='ocrx_word' id='word_1_248' title='bbox 463 3751 500 3833; x_wconf 76' lang='grc' dir='ltr'>τῇ</span> <span class='ocrx_word' id='word_1_249' title='bbox 529 3750 632 3835; x_wconf 78' lang='grc' dir='ltr'>ἐπαφῇ</span> <span class='ocrx_word' id='word_1_250' title='bbox 662 3753 715 3833; x_wconf 81' lang='grc' dir='ltr'>της</span> <span class='ocrx_word' id='word_1_251' title='bbox 744 3744 861 3822; x_wconf 80' lang='grc' dir='ltr'>ἀκτῖνος</span> <span class='ocrx_word' id='word_1_252' title='bbox 892 3751 974 3814; x_wconf 81' lang='grc' dir='ltr'>δυοῖν</span> <span class='ocrx_word' id='word_1_253' title='bbox 1003 3743 1171 3835; x_wconf 82' lang='grc' dir='ltr'>τριγώνων,</span> <span class='ocrx_word' id='word_1_254' title='bbox 1197 3747 1313 3821; x_wconf 82' lang='grc' dir='ltr'>ἔδειξας</span> <span class='ocrx_word' id='word_1_255' title='bbox 1341 3741 1374 3813; x_wconf 86' lang='grc' dir='ltr'>δν</span> <span class='ocrx_word' id='word_1_256' title='bbox 1405 3743 1424 3834; x_wconf 83' lang='grc' dir='ltr'>ἡ</span> <span class='ocrx_word' id='word_1_257' title='bbox 1448 3743 1517 3812; x_wconf 86' lang='grc' dir='ltr'>σκιά</span> <span class='ocrx_word' id='word_1_258' title='bbox 1547 3743 1620 3834; x_wconf 87' lang='grc' dir='ltr'>πρὸς</span> <span class='ocrx_word' id='word_1_259' title='bbox 1649 3744 1702 3833; x_wconf 80' lang='grc' dir='ltr'>τήν</span> <span class='ocrx_word' id='word_1_260' title='bbox 1726 3742 1812 3811; x_wconf 82' lang='grc' dir='ltr'>σκιάν</span> 
     </span>
    </p>
   </div>
   <div class='ocr_carea' id='block_1_6' title="bbox 462 3863 1780 3957">
    <p class='ocr_par' dir='ltr' id='par_1_10' title="bbox 462 3863 1780 3957">
     <span class='ocr_line' id='line_1_26' title="bbox 462 3863 1780 3957; baseline 0.001 -26"><span class='ocrx_word' id='word_1_261' title='bbox 462 3863 551 3953; x_wconf 87' lang='grc' dir='ltr'>λόγον</span> <span class='ocrx_word' id='word_1_262' title='bbox 580 3866 647 3955; x_wconf 84' lang='grc' dir='ltr'>εἶχε</span> <span class='ocrx_word' id='word_1_263' title='bbox 668 3866 721 3956; x_wconf 78' lang='grc' dir='ltr'>τήν</span> <span class='ocrx_word' id='word_1_264' title='bbox 744 3870 898 3956; x_wconf 90' lang='grc' dir='ltr'>πυραμίδα</span> <span class='ocrx_word' id='word_1_265' title='bbox 920 3866 993 3957; x_wconf 86' lang='grc' dir='ltr'>πρὸς</span> <span class='ocrx_word' id='word_1_266' title='bbox 1015 3865 1069 3956; x_wconf 81' lang='grc' dir='ltr'>τήν</span> <span class='ocrx_word' id='word_1_267' title='bbox 1092 3870 1259 3956; x_wconf 88' lang='grc' dir='ltr'>βακτηρίαν</span> <span class='ocrx_word' id='word_1_268' title='bbox 1281 3868 1424 3956; x_wconf 85' lang='grc' dir='ltr'>ἔχουσαν.</span> <span class='ocrx_word' id='word_1_269' title='bbox 1465 3869 1573 3935; x_wconf 87' lang='lat' dir='ltr'><em>Zeller</em></span> <span class='ocrx_word' id='word_1_270' title='bbox 1595 3869 1625 3933; x_wconf 79' lang='lat'>1⁴</span> <span class='ocrx_word' id='word_1_271' title='bbox 1648 3889 1681 3953; x_wconf 92' lang='lat' dir='ltr'>p.</span> <span class='ocrx_word' id='word_1_272' title='bbox 1710 3872 1780 3932; x_wconf 78' lang='lat'>172.</span> 
     </span>
    </p>
   </div>
   <div class='ocr_carea' id='block_1_7' title="bbox 461 4072 1817 5140">
    <p class='ocr_par' dir='ltr' id='par_1_11' title="bbox 461 4072 1815 4768">
     <span class='ocr_line' id='line_1_27' title="bbox 547 4072 1813 4165; baseline 0 -25"><span class='ocrx_word' id='word_1_273' title='bbox 547 4076 656 4141; x_wconf 86' lang='lat' dir='ltr'>XXII.</span> <span class='ocrx_word' id='word_1_274' title='bbox 692 4077 798 4143; x_wconf 81' lang='lat' dir='ltr'><em>Laert.</em></span> <span class='ocrx_word' id='word_1_275' title='bbox 824 4078 901 4143; x_wconf 87' lang='lat' dir='ltr'>VIII</span> <span class='ocrx_word' id='word_1_276' title='bbox 924 4080 959 4140; x_wconf 92' lang='grc'><strong>21</strong></span> <span class='ocrx_word' id='word_1_277' title='bbox 996 4075 1071 4165; x_wconf 87' lang='grc' dir='ltr'>φησί</span> <span class='ocrx_word' id='word_1_278' title='bbox 1095 4073 1123 4142; x_wconf 83' lang='grc' dir='ltr'>δ’</span> <span class='ocrx_word' id='word_1_279' title='bbox 1150 4072 1327 4164; x_wconf 81' lang='grc' dir='ltr'>Ἱερώνυμος</span> <span class='ocrx_word' id='word_1_280' title='bbox 1350 4072 1534 4141; x_wconf 80' lang='grc' dir='ltr'>κατελθόντα</span> <span class='ocrx_word' id='word_1_281' title='bbox 1563 4072 1653 4141; x_wconf 79' lang='grc' dir='ltr'>αὐτὸν</span> <span class='ocrx_word' id='word_1_282' title='bbox 1680 4074 1813 4160; x_wconf 84' lang='lat' dir='ltr'><strong>(Pytha-</strong></span> 
     </span>
     <span class='ocr_line' id='line_1_28' title="bbox 461 4191 1813 4285; baseline -0.001 -24"><span class='ocrx_word' id='word_1_283' title='bbox 461 4198 583 4281; x_wconf 82' lang='lat' dir='ltr'>goram)</span> <span class='ocrx_word' id='word_1_284' title='bbox 610 4199 652 4270; x_wconf 84' lang='grc' dir='ltr'>εἰς</span> <span class='ocrx_word' id='word_1_285' title='bbox 667 4191 770 4263; x_wconf 81' lang='grc' dir='ltr'>Ἅιδου</span> <span class='ocrx_word' id='word_1_286' title='bbox 793 4195 845 4284; x_wconf 83' lang='grc' dir='ltr'>τήν</span> <span class='ocrx_word' id='word_1_287' title='bbox 870 4198 922 4284; x_wconf 83' lang='grc' dir='ltr'>μὲν</span> <span class='ocrx_word' id='word_1_288' title='bbox 939 4194 1083 4264; x_wconf 84' lang='grc' dir='ltr'>Ἡσιόδου</span> <span class='ocrx_word' id='word_1_289' title='bbox 1106 4195 1206 4285; x_wconf 81' lang='grc' dir='ltr'>ψυχήν</span> <span class='ocrx_word' id='word_1_290' title='bbox 1237 4199 1310 4263; x_wconf 82' lang='grc' dir='ltr'>ἰδεῖν</span> <span class='ocrx_word' id='word_1_291' title='bbox 1333 4194 1406 4285; x_wconf 82' lang='grc' dir='ltr'>πρὸς</span> <span class='ocrx_word' id='word_1_292' title='bbox 1429 4199 1506 4263; x_wconf 89' lang='grc' dir='ltr'>κίονι</span> <span class='ocrx_word' id='word_1_293' title='bbox 1527 4201 1635 4285; x_wconf 78' lang='grc' dir='ltr'>χαλκῷ</span> <span class='ocrx_word' id='word_1_294' title='bbox 1654 4197 1813 4282; x_wconf 89' lang='grc' dir='ltr'>δεδεμένην</span> 
     </span>
     <span class='ocr_line' id='line_1_29' title="bbox 463 4311 1815 4407; baseline 0.001 -27"><span class='ocrx_word' id='word_1_295' title='bbox 463 4316 514 4380; x_wconf 84' lang='grc' dir='ltr'>καί</span> <span class='ocrx_word' id='word_1_296' title='bbox 535 4316 710 4404; x_wconf 72' lang='grc' dir='ltr'>τρίζουσαν,</span> <span class='ocrx_word' id='word_1_297' title='bbox 741 4315 795 4405; x_wconf 75' lang='grc' dir='ltr'>τήν</span> <span class='ocrx_word' id='word_1_298' title='bbox 818 4316 848 4384; x_wconf 87' lang='grc' dir='ltr'>δ’</span> <span class='ocrx_word' id='word_1_299' title='bbox 868 4315 1010 4406; x_wconf 78' lang='grc' dir='ltr'>Ὁμήρου</span> <span class='ocrx_word' id='word_1_300' title='bbox 1041 4320 1230 4406; x_wconf 87' lang='grc' dir='ltr'>κρεμαμένην</span> <span class='ocrx_word' id='word_1_301' title='bbox 1255 4315 1314 4384; x_wconf 82' lang='grc' dir='ltr'>άπὸ</span> <span class='ocrx_word' id='word_1_302' title='bbox 1337 4320 1461 4406; x_wconf 92' lang='grc' dir='ltr'>δένδρου</span> <span class='ocrx_word' id='word_1_303' title='bbox 1484 4319 1535 4385; x_wconf 87' lang='grc' dir='ltr'>καί</span> <span class='ocrx_word' id='word_1_304' title='bbox 1558 4311 1642 4407; x_wconf 73' lang='grc' dir='ltr'>ὄφεις</span> <span class='ocrx_word' id='word_1_305' title='bbox 1664 4317 1731 4404; x_wconf 82' lang='grc' dir='ltr'>περὶ</span> <span class='ocrx_word' id='word_1_306' title='bbox 1754 4315 1815 4382; x_wconf 81' lang='grc' dir='ltr'>αὐ-</span> 
     </span>
     <span class='ocr_line' id='line_1_30' title="bbox 463 4432 1815 4528; baseline 0.001 -26"><span class='ocrx_word' id='word_1_307' title='bbox 463 4433 533 4524; x_wconf 91' lang='grc' dir='ltr'>τήν,</span> <span class='ocrx_word' id='word_1_308' title='bbox 570 4435 639 4504; x_wconf 78' lang='grc' dir='ltr'>ἀνθ’</span> <span class='ocrx_word' id='word_1_309' title='bbox 674 4432 713 4504; x_wconf 87' lang='grc' dir='ltr'>ὧν</span> <span class='ocrx_word' id='word_1_310' title='bbox 743 4439 826 4506; x_wconf 89' lang='grc' dir='ltr'>εἷπον</span> <span class='ocrx_word' id='word_1_311' title='bbox 845 4439 924 4528; x_wconf 58' lang='grc' dir='ltr'>γπερὶ</span> <span class='ocrx_word' id='word_1_312' title='bbox 958 4443 1052 4522; x_wconf 82' lang='grc' dir='ltr'>θεῶν,</span> <span class='ocrx_word' id='word_1_313' title='bbox 1097 4441 1318 4525; x_wconf 73' lang='grc' dir='ltr'>κολαζομένους</span> <span class='ocrx_word' id='word_1_314' title='bbox 1349 4440 1383 4506; x_wconf 82' lang='grc' dir='ltr'>δὲ</span> <span class='ocrx_word' id='word_1_315' title='bbox 1419 4440 1470 4505; x_wconf 85' lang='grc' dir='ltr'>καί</span> <span class='ocrx_word' id='word_1_316' title='bbox 1499 4435 1568 4514; x_wconf 80' lang='grc' dir='ltr'>τοὺς</span> <span class='ocrx_word' id='word_1_317' title='bbox 1598 4437 1639 4526; x_wconf 81' lang='grc' dir='ltr'>μή</span> <span class='ocrx_word' id='word_1_318' title='bbox 1671 4441 1815 4513; x_wconf 90' lang='grc' dir='ltr'>θέλοντας</span> 
     </span>
     <span class='ocr_line' id='line_1_31' title="bbox 463 4557 1815 4648; baseline 0 -24"><span class='ocrx_word' id='word_1_319' title='bbox 463 4562 596 4626; x_wconf 88' lang='grc' dir='ltr'>συνεῖναι</span> <span class='ocrx_word' id='word_1_320' title='bbox 625 4563 690 4636; x_wconf 87' lang='grc' dir='ltr'>ταῖς</span> <span class='ocrx_word' id='word_1_321' title='bbox 712 4563 825 4627; x_wconf 82' lang='grc' dir='ltr'>ἑαυτῶν</span> <span class='ocrx_word' id='word_1_322' title='bbox 854 4563 986 4647; x_wconf 80' lang='grc' dir='ltr'>γυναιξί·</span> <span class='ocrx_word' id='word_1_323' title='bbox 1019 4560 1072 4627; x_wconf 84' lang='grc' dir='ltr'>καί</span> <span class='ocrx_word' id='word_1_324' title='bbox 1101 4557 1139 4648; x_wconf 81' lang='grc' dir='ltr'>δὴ</span> <span class='ocrx_word' id='word_1_325' title='bbox 1167 4561 1220 4627; x_wconf 87' lang='grc' dir='ltr'>καί</span> <span class='ocrx_word' id='word_1_326' title='bbox 1249 4558 1300 4627; x_wconf 85' lang='grc' dir='ltr'>διά</span> <span class='ocrx_word' id='word_1_327' title='bbox 1322 4566 1408 4627; x_wconf 77' lang='grc' dir='ltr'>τοῦτο</span> <span class='ocrx_word' id='word_1_328' title='bbox 1436 4563 1604 4648; x_wconf 77' lang='grc' dir='ltr'>τιμηθῆναι</span> <span class='ocrx_word' id='word_1_329' title='bbox 1626 4557 1683 4627; x_wconf 83' lang='grc' dir='ltr'>ὑπὸ</span> <span class='ocrx_word' id='word_1_330' title='bbox 1705 4566 1760 4627; x_wconf 81' lang='grc' dir='ltr'>τῶν</span> <span class='ocrx_word' id='word_1_331' title='bbox 1783 4563 1815 4625; x_wconf 85' lang='grc' dir='ltr'>ἐν</span> 
     </span>
     <span class='ocr_line' id='line_1_32' title="bbox 464 4677 610 4768; baseline 0 -22"><span class='ocrx_word' id='word_1_332' title='bbox 464 4677 610 4768; x_wconf 85' lang='grc' dir='ltr'>Κράτωνι.</span> 
     </span>
    </p>

    <p class='ocr_par' dir='ltr' id='par_1_12' title="bbox 462 4802 1817 5140">
     <span class='ocr_line' id='line_1_33' title="bbox 548 4802 1816 4890; baseline -0.002 -20"><span class='ocrx_word' id='word_1_333' title='bbox 548 4806 714 4871; x_wconf 75' lang='lat' dir='ltr'>Postrema</span> <span class='ocrx_word' id='word_1_334' title='bbox 735 4825 800 4888; x_wconf 82' lang='lat' dir='ltr'>quo</span> <span class='ocrx_word' id='word_1_335' title='bbox 821 4803 944 4870; x_wconf 82' lang='lat' dir='ltr'><em>ratione</em></span> <span class='ocrx_word' id='word_1_336' title='bbox 966 4803 1188 4888; x_wconf 81' lang='lat' dir='ltr'><em>intellegenda</em></span> <span class='ocrx_word' id='word_1_337' title='bbox 1210 4805 1289 4888; x_wconf 84' lang='lat' dir='ltr'>sint,</span> <span class='ocrx_word' id='word_1_338' title='bbox 1317 4804 1520 4890; x_wconf 82' lang='lat' dir='ltr'><em>perspicuum</em></span> <span class='ocrx_word' id='word_1_339' title='bbox 1543 4811 1655 4870; x_wconf 85' lang='lat' dir='ltr'><em>estex</em></span> <span class='ocrx_word' id='word_1_340' title='bbox 1677 4802 1718 4868; x_wconf 85' lang='lat' dir='ltr'>iis</span> <span class='ocrx_word' id='word_1_341' title='bbox 1733 4823 1816 4886; x_wconf 83' lang='lat' dir='ltr'>quae</span> 
     </span>
     <span class='ocr_line' id='line_1_34' title="bbox 462 4920 1817 5012; baseline -0.004 -20"><span class='ocrx_word' id='word_1_342' title='bbox 462 4927 550 5012; x_wconf 82' lang='lat' dir='ltr'>apud</span> <span class='ocrx_word' id='word_1_343' title='bbox 572 4927 679 4992; x_wconf 84' lang='lat' dir='ltr'><em>Laert.</em></span> <span class='ocrx_word' id='word_1_344' title='bbox 706 4927 724 5010; x_wconf 83' lang='lat'>§</span> <span class='ocrx_word' id='word_1_345' title='bbox 747 4930 781 4988; x_wconf 82' lang='grc'><strong>41</strong></span> <span class='ocrx_word' id='word_1_346' title='bbox 811 4925 1006 5010; x_wconf 85' lang='lat' dir='ltr'>Hermippus</span> <span class='ocrx_word' id='word_1_347' title='bbox 1029 4925 1071 4991; x_wconf 88' lang='lat' dir='ltr'><em>de</em></span> <span class='ocrx_word' id='word_1_348' title='bbox 1094 4926 1279 5010; x_wconf 81' lang='lat' dir='ltr'>Pythagora</span> <span class='ocrx_word' id='word_1_349' title='bbox 1301 4926 1416 4992; x_wconf 84' lang='lat' dir='ltr'><em>refert:</em></span> <span class='ocrx_word' id='word_1_350' title='bbox 1448 4920 1622 4990; x_wconf 81' lang='grc' dir='ltr'>εἰσελθόντα</span> <span class='ocrx_word' id='word_1_351' title='bbox 1644 4920 1671 4988; x_wconf 83' lang='grc' dir='ltr'>τ’</span> <span class='ocrx_word' id='word_1_352' title='bbox 1698 4925 1741 4996; x_wconf 85' lang='grc' dir='ltr'>εἰς</span> <span class='ocrx_word' id='word_1_353' title='bbox 1763 4920 1817 5009; x_wconf 73' lang='grc' dir='ltr'>τήν</span> 
     </span>
     <span class='ocr_line' id='line_1_35' title="bbox 462 5038 1817 5140; baseline -0.003 -28"><span class='ocrx_word' id='word_1_354' title='bbox 462 5049 624 5134; x_wconf 85' lang='grc' dir='ltr'>ἐκκλησίαν</span> <span class='ocrx_word' id='word_1_355' title='bbox 648 5041 774 5140; x_wconf 88' lang='grc' dir='ltr'>φάσκειν</span> <span class='ocrx_word' id='word_1_356' title='bbox 798 5043 839 5119; x_wconf 84' lang='grc' dir='ltr'>ὡς</span> <span class='ocrx_word' id='word_1_357' title='bbox 869 5043 994 5134; x_wconf 82' lang='grc' dir='ltr'>ἀφῖκται</span> <span class='ocrx_word' id='word_1_358' title='bbox 1016 5048 1046 5118; x_wconf 77' lang='grc' dir='ltr'>ἐξ</span> <span class='ocrx_word' id='word_1_359' title='bbox 1061 5038 1184 5112; x_wconf 83' lang='grc' dir='ltr'>Ἅιδου·</span> <span class='ocrx_word' id='word_1_360' title='bbox 1217 5045 1268 5112; x_wconf 89' lang='grc' dir='ltr'>καί</span> <span class='ocrx_word' id='word_1_361' title='bbox 1292 5044 1329 5132; x_wconf 77' lang='grc' dir='ltr'>δὴ</span> <span class='ocrx_word' id='word_1_362' title='bbox 1353 5044 1404 5112; x_wconf 85' lang='grc' dir='ltr'>καί</span> <span class='ocrx_word' id='word_1_363' title='bbox 1436 5042 1633 5132; x_wconf 83' lang='grc' dir='ltr'>ἀνεγίνωσκεν</span> <span class='ocrx_word' id='word_1_364' title='bbox 1657 5042 1757 5118; x_wconf 81' lang='grc' dir='ltr'>αίτοῖς</span> <span class='ocrx_word' id='word_1_365' title='bbox 1780 5069 1817 5133; x_wconf 91' lang='grc' dir='ltr'>τα</span> 
     </span>
    </p>
   </div>
   <div class='ocr_carea' id='block_1_8' title="bbox 0 0 2064 6240">
    <p class='ocr_par' dir='ltr' id='par_1_13' title="bbox 0 0 2064 6240">
     <span class='ocr_line' id='line_1_36' title="bbox 0 0 2064 6240; baseline 0 1"><span class='ocrx_word' id='word_1_366' title='bbox 0 0 2064 6240; x_wconf 95' lang='lat' dir='ltr'> </span> 
     </span>
    </p>
   </div>
  </div>
 </body>
</html>
