4118 6240
468 720 680 777 HIERONYMI
699 722 831 777 RllODll
850 720 1118 776 PERlPATETICl
1137 719 1371 776 FRAGMENTA
1534 725 1591 785 111

251 911 305 994 qui
329 911 362 976 in
385 931 518 978 numero
541 933 648 978 eorum
672 914 820 998 Satyrum
845 912 945 979 tuisse
968 912 1176 998 probabiliter
1197 912 1319 978 statuit.
1365 912 1537 976 Praeterea
1559 931 1600 976 ex

248 1032 417 1117 plebiscito
450 1032 492 1097 ab
525 1033 720 1118 Hieronymo
749 1033 850 1098 011010
884 1034 999 1115 010001,
1035 1033 1118 1098 (1000
1151 1052 1268 1098 uxores
1301 1052 1402 1115 aeque
1436 1031 1597 1115 legitimas

250 1154 372 1219 Socrati
401 1153 442 1218 ab
476 1174 514 1219 eo
544 1175 606 1219 000
637 1174 710 1218 0000
741 1153 892 1233 tributam
930 1174 1032 1237 neque
1062 1154 1156 1219 aliter
1185 1153 1409 1218 Aristoxenum
1439 1152 1480 1218 de
1503 1173 1543 1218 ea
1565 1174 1598 1218 re

249 1274 417 1359 scripsisse
446 1274 513 1340 veri
547 1274 650 1339 simile
681 1280 731 1340 est
765 1279 895 1359 propter
928 1275 1028 1340 verba
1058 1273 1238 1358 Porphyrii.
1297 1274 1382 1356 Ergo
1411 1274 1599 1340 Athenaeus

248 1416 320 1461 curn
342 1395 568 1460 Aristoxenum
591 1402 623 1460 et
646 1394 795 1480 Satyrum
820 1391 873 1460 ido
896 1392 1069 1481 γαμετὰς
1098 1396 1279 1481 γυναῖκας
1303 1393 1424 1460 Socrati
1447 1393 1598 1460 tribuisse

248 1516 410 1582 (11011000
433 1523 582 1582 accurate
605 1515 691 1598 loqui
714 1515 949 1581 existimandus
972 1523 1035 1596 est;
1067 1537 1151 1599 quae
1174 1515 1354 1581 observatio
1376 1536 1439 1579 non
1462 1514 1600 1600 pertinet

250 1637 291 1702 ad
322 1657 376 1703 eos
406 1638 493 1702 locos
522 1637 637 1721 quibus
668 1632 721 1701 δύο
749 1639 937 1722 γυναῖκες
968 1644 1266 1702 commemorantur.
1320 1635 1390 1713 Quo
1413 1635 1507 1700 modo
1529 1643 1598 1701 orta

250 1765 337 1823 essct
359 1757 469 1822 fabula
490 1758 532 1822 ab
556 1757 746 1822 Aristoxeno
770 1759 889 1837 relata,
919 1758 1096 1823 rationibus
1119 1757 1199 1823 satis
1222 1758 1359 1823 diversis
1382 1757 1466 1822 viros
1488 1756 1597 1822 doctos

250 1877 465 1963 explicavisse
498 1884 606 1943 notum
645 1886 708 1957 est;
750 1899 854 1945 meam
888 1878 928 1944 de
957 1879 1019 1943 bac
1051 1898 1084 1943 re
1118 1879 1307 1944 sententiam
1342 1898 1502 1964 exponere
1535 1899 1597 1944 non

249 1999 345 2064 buius
367 1999 430 2064 loci
453 2019 525 2065 0000
547 1999 697 2065 arbitror:
733 1999 870 2084 pertinet
898 1999 982 2064 eninr
1013 2020 1053 2065 eu
1074 2000 1220 2083 quaestio
1243 2021 1305 2065 non
1329 2007 1393 2065 tarn
1417 1999 1459 2064 ad
1482 1999 1598 2065 Hiero-

248 2141 379 2205 nymum
401 2119 583 2186 Aristoxeni
608 2126 794 2186 sectatorem
824 2141 919 2204 quam
950 2119 991 2186 ad
1014 2120 1196 2186 Aristoxeni
1226 2121 1383 2202 simulque
1411 2119 1454 2186 ad
1476 2119 1599 2204 dialogi

249 2240 289 2307 de
312 2240 479 2307 nobilitate
501 2240 655 2323 reliquias
677 2240 863 2306 tractandas
885 2248 982 2324 atque
1004 2240 1273 2326 interpretandas.

336 2361 542 2427 Plebiscitum
564 2368 671 2428 autem
694 2361 815 2446 primus
838 2363 1007 2447 protulisse
1030 2362 1156 2427 videtur
1176 2363 1394 2447 Hieronymus
1417 2383 1512 2445 quern
1537 2363 1599 2428 Sa-

248 2489 339 2568 tyms
367 2489 496 2548 secutus
525 2490 591 2562 est;
627 2482 670 2548 ad
699 2482 783 2548 hunc
814 2483 933 2549 fontem
961 2482 1131 2548 referenda
1159 2490 1234 2548 suut
1262 2484 1357 2548 etiam
1382 2482 1478 2548 Gellii
1501 2485 1600 2549 rerba

254 2604 333 2688 (XV,
360 2607 411 2686 20)
449 2603 514 2667 sive
544 2605 630 2689 quod
657 2605 736 2668 duaa
765 2604 863 2668 simul
888 2626 1001 2668 uxores
1029 2604 1182 2669 babuerat
1216 2604 1403 2690 (Euripides)
1441 2626 1524 2667 cum
1558 2605 1601 2667 id

248 2725 412 2789 (10ον010
441 2727 487 2789 od
511 2723 834 2789 Atheniensibus
853 2726 977 2811 sacto
1007 2724 1069 2788 ius
1098 2732 1221 2789 00001.
1268 2725 1317 2790 De
1340 2724 1501 2809 plebisciti
1523 2744 1599 2791 sen-

247 2845 349 2911 tentia
371 2843 518 2911 Laertius
541 2865 600 2911 000
622 2846 716 2930 plene
745 2866 804 2911 nec
833 2845 974 2911 dilucide
1004 2845 1154 2928 loquitur.
1202 2843 1363 2911 Omissrrm
1385 2844 1490 2911 estid
1513 2846 1598 2929 quod

248 2965 433 3032 necessario
454 2965 637 3031 addendum
668 2965 743 3032 suit:
777 2966 889 3032 liberis
919 2968 949 3039 ἐξ
971 2967 1076 3053 ἑτέρας
1098 2966 1216 3049 genitis
1238 2973 1327 3032 certa
1348 2967 1505 3049 quaedam
1528 2966 1599 3031 iura

248 3087 363 3167 tribui3
380 3110 382 3113 ’
397 3085 431 3150 id
453 3086 537 3151 enim
561 3086 622 3151 nisi
645 3087 851 3172 suppleatur,
879 3108 1011 3172 prorsus
1040 3087 1207 3157 ridiculam
1231 3106 1303 3152 esse
1325 3087 1445 3153 decreti
1469 3095 1599 3153 senten-

248 3208 325 3273 tiam
345 3208 431 3273 ·bene
453 3207 614 3274 intellexit
628 3207 787 3274 Lumcius
802 3229 834 3293 p.
854 3211 908 3288 793
935 3207 977 3274 ci.
1003 3230 1067 3274 van
1083 3208 1146 3274 den
1161 3209 1206 3273 Es
1228 3207 1269 3274 de
1291 3207 1360 3275 iure
1383 3207 1485 3274 famil.
1511 3207 1597 3294 apud

247 3328 364 3395 Athen.
390 3350 423 3414 p.
449 3333 480 3393 4.
528 3329 699 3401 Praeterea
723 3350 787 3396 000
818 3329 1022 3415 perspicuum
1054 3339 1120 3411 est,
1151 3336 1255 3394 utrum
1279 3325 1419 3414 γυναικός
1441 3351 1483 3396 00
1507 3326 1599 3416 ἀστῆς

247 3449 290 3514 ad
317 3450 416 3516 rerba
445 3451 475 3522 ἐξ
503 3451 607 3537 ἑτέρας
638 3450 832 3535 cogitatione
861 3450 937 3516 addi
960 3449 1173 3535 Hieronymus
1197 3450 1350 3526 voluerim
1383 3450 1424 3515 ad
1454 3471 1599 3535 compro-

247 3570 388 3636 bandum
419 3570 538 3656 duplex
567 3571 708 3636 Socratis
738 3571 975 3653 matrimonium
1003 3577 1173 3653 utrumque
1201 3570 1347 3637 adbiberi
1371 3571 1489 3656 potuit,
1523 3572 1600 3654 quia

248 3692 457 3777 Xanthippen
480 3691 583 3757 civem
608 3691 708 3758 fuisse
731 3713 823 3757 nemo
845 3712 985 3774 unquam
1009 3692 1151 3775 negavit.
1191 3691 1398 3758 Incredibilia
1419 3699 1494 3758 sunt
1515 3713 1598 3776 quae

247 3812 411 3878 Heusdius
433 3833 466 3897 p.
493 3815 555 3877 376
588 3833 628 3878 00
657 3812 697 3878 (10
727 3833 761 3879 re
784 3813 946 3879 disseruit.
1004 3812 1069 3878 Sed
1099 3812 1228 3896 gravior
1249 3818 1299 3879 001
1320 3813 1483 3896 quaestio,
1521 3814 1598 3897 quid

249 3933 378 3998 omnino
401 3933 442 4000 de
464 3933 591 4000 decreto
614 3934 671 3999 illo
693 3934 896 4000 statuendum
920 3933 972 3999 sit.
1023 3935 1070 4000 Ac
1093 3934 1231 4018 primum
1254 3929 1383 4019 quidem
1406 3935 1599 4001 monendum

248 4062 314 4138 est,
341 4061 469 4141 praeter
490 4054 676 4138 Hieronymi
708 4075 879 4139 eorumque
903 4054 1052 4138 quicum
1076 4054 1176 4121 secuti
1206 4061 1282 4121 sunt
1303 4055 1488 4121 testimonia
1509 4057 1600 4122 nulla

248 4195 321 4242 esse
344 4176 480 4257 indicia,
506 4195 547 4241 ex
569 4175 686 4258 quibus
708 4175 866 4241 eiusmodi
889 4174 1052 4242 decretum
1076 4175 1239 4242 exstitisse
1261 4175 1469 4261 probabiliter
1490 4176 1598 4261 colligi

247 4298 350 4383 possit
370 4297 453 4380 (nam
469 4296 661 4361 Buermanni
680 4296 1000 4380 argumentationem,
1019 4297 1133 4361 Jahrb.
1142 4297 1210 4383 fttr
1225 4296 1265 4360 01.
1280 4295 1399 4360 Ρ11101.
1420 4298 1533 4383 Suppl.
1549 4299 1597 4363 IX

248 4441 281 4504 p.
308 4423 387 4501 595,
420 4418 543 4482 nullam
572 4437 644 4483 esse
674 4416 769 4483 facile
799 4417 1023 4502 intellegitur).
1071 4417 1140 4482 Iam
1168 4438 1243 4484 vero
1265 4436 1337 4483 cum
1360 4418 1412 4484 vel
1434 4418 1468 4484 id
1491 4418 1596 4504 ipsum

247 4538 434 4624 scriptomm
459 4538 620 4605 silentium
643 4537 723 4603 satis
746 4537 860 4603 mimm
883 4545 981 4621 esset,
1008 4537 1035 4603 si
1054 4537 1217 4605 decretum
1233 4558 1267 4604 re
1283 4558 1361 4604 rera
1376 4539 1495 4605 factum
1511 4547 1598 4606 esset

251 4658 379 4745 (Mahne
395 4658 436 4724 dc
451 4659 590 4724 Aristox.
610 4678 643 4742 p.
663 4659 728 4740 81),
756 4658 975 4742 multomagis
991 4659 1073 4726 mira
1087 4665 1137 4725 est
1151 4657 1271 4730 decreti
1288 4660 1459 4741 sententia,
1479 4681 1520 4726 ex
1534 4681 1599 4743 qua

246 4779 368 4846 maritis
391 4779 551 4865 paelicum
574 4798 652 4844 0000
678 4778 797 4846 diserte
828 4779 1004 4864 permissus
1034 4786 1067 4845 et
1095 4778 1328 4862 quodammodo
1357 4782 1598 4849 commendatus

246 4901 348 4967 fuisse
363 4900 473 4967 fertur.
506 4899 591 4979 Quid
606 4899 724 4984 igitur?
746 4898 984 4964 credendumne
999 4897 1058 4964 hoc
1073 4898 1217 4966 dicamus
1231 4908 1362 4987 propter
1376 4902 1471 4968 unius
1483 4903 1598 4970 Hiero-

244 5021 334 5108 nymi
349 5020 592 5088 auctoritamus
621 5021 751 5086 Minime
767 5039 853 5086 vero.
892 5020 994 5084 Immo
1009 5019 1070 5086 etsi
1087 5019 1314 5106 Hieronymum
1330 5023 1472 5106 genuino
1486 5024 1596 5109 aliquo

244 5142 413 5231 plebiscito
434 5162 526 5208 usum
550 5142 601 5208 vel
625 5142 759 5208 abusum
783 5160 856 5207 esse
878 5141 1074 5208 confidenter
1095 5161 1216 5224 negare
1237 5164 1300 5207 non
1323 5163 1475 5229 possum,
1502 5145 1597 5237 longe
