<?xml version="1.0" encoding="UTF-8"?>
<!DOCTYPE html PUBLIC "-//W3C//DTD XHTML 1.0 Transitional//EN"
    "http://www.w3.org/TR/xhtml1/DTD/xhtml1-transitional.dtd">
<html xmlns="http://www.w3.org/1999/xhtml" xml:lang="en" lang="en">
 <head>
  <title>
</title>
<meta http-equiv="Content-Type" content="text/html;charset=utf-8" />
  <meta name='ocr-system' content='tesseract 3.04.00' />
  <meta name='ocr-capabilities' content='ocr_page ocr_carea ocr_par ocr_line ocrx_word'/>
</head>
<body>
  <div class='ocr_page' id='page_1' title='image "./satvraphilologa00unkngoog_0078.png"; bbox 0 0 4206 6248; ppageno 0'>
   <div class='ocr_carea' id='block_1_1' title="bbox 717 653 1609 722">
    <p class='ocr_par' dir='ltr' id='par_1_1' title="bbox 717 653 1609 722">
     <span class='ocr_line' id='line_1_1' title="bbox 717 653 1609 722; baseline 0.016 -14"><span class='ocrx_word' id='word_1_1' title='bbox 717 655 768 708; x_wconf 87' lang='lat' dir='ltr'><strong>nn</strong></span> <span class='ocrx_word' id='word_1_2' title='bbox 787 653 926 711; x_wconf 75' lang='lat' dir='ltr'><strong>nomeu</strong></span> <span class='ocrx_word' id='word_1_3' title='bbox 945 654 1158 712; x_wconf 79' lang='lat' dir='ltr'><strong>suoroonou</strong></span> <span class='ocrx_word' id='word_1_4' title='bbox 1568 655 1609 722; x_wconf 82' lang='lat'><strong>67</strong></span> 
     </span>
    </p>
   </div>
   <div class='ocr_carea' id='block_1_2' title="bbox 265 844 1685 4545">
    <p class='ocr_par' dir='ltr' id='par_1_2' title="bbox 265 844 1685 4545">
     <span class='ocr_line' id='line_1_2' title="bbox 267 844 1614 933; baseline 0.004 -24"><span class='ocrx_word' id='word_1_5' title='bbox 267 864 368 928; x_wconf 91' lang='lat' dir='ltr'><strong>geues</strong></span> <span class='ocrx_word' id='word_1_6' title='bbox 383 845 532 910; x_wconf 68' lang='lat' dir='ltr'><strong>Laertius</strong></span> <span class='ocrx_word' id='word_1_7' title='bbox 545 849 562 929; x_wconf 83' lang='lat'><strong>¹)</strong></span> <span class='ocrx_word' id='word_1_8' title='bbox 583 846 643 910; x_wconf 91' lang='lat' dir='ltr'><strong>Vll</strong></span> <span class='ocrx_word' id='word_1_9' title='bbox 659 848 699 909; x_wconf 81' lang='lat'><strong>39</strong></span> <span class='ocrx_word' id='word_1_10' title='bbox 715 844 823 911; x_wconf 82' lang='lat' dir='ltr'><strong>refert.</strong></span> <span class='ocrx_word' id='word_1_11' title='bbox 870 845 938 910; x_wconf 89' lang='lat' dir='ltr'><strong>lam</strong></span> <span class='ocrx_word' id='word_1_12' title='bbox 962 865 1045 928; x_wconf 90' lang='lat' dir='ltr'><strong>quae</strong></span> <span class='ocrx_word' id='word_1_13' title='bbox 1069 853 1143 911; x_wconf 92' lang='lat' dir='ltr'><strong>sunt</strong></span> <span class='ocrx_word' id='word_1_14' title='bbox 1165 846 1247 912; x_wconf 88' lang='lat' dir='ltr'><strong>istae</strong></span> <span class='ocrx_word' id='word_1_15' title='bbox 1267 846 1491 932; x_wconf 84' lang='lat' dir='ltr'>philosophiae</span> <span class='ocrx_word' id='word_1_16' title='bbox 1505 855 1614 933; x_wconf 88' lang='lat' dir='ltr'><strong>partes</strong></span> 
     </span>
     <span class='ocr_line' id='line_1_3' title="bbox 268 965 1610 1054; baseline 0.003 -24"><span class='ocrx_word' id='word_1_17' title='bbox 268 965 336 1032; x_wconf 86' lang='lat' dir='ltr'><strong>sive</strong></span> <span class='ocrx_word' id='word_1_18' title='bbox 368 965 581 1051; x_wconf 66' lang='lat' dir='ltr'><strong>disciplinae?</strong></span> <span class='ocrx_word' id='word_1_19' title='bbox 612 965 770 1030; x_wconf 85' lang='lat' dir='ltr'><strong>Nimirum</strong></span> <span class='ocrx_word' id='word_1_20' title='bbox 805 966 991 1031; x_wconf 78' lang='lat' dir='ltr'><strong>notissimae</strong></span> <span class='ocrx_word' id='word_1_21' title='bbox 1021 966 1116 1046; x_wconf 91' lang='lat' dir='ltr'><strong>illae,</strong></span> <span class='ocrx_word' id='word_1_22' title='bbox 1149 986 1283 1048; x_wconf 90' lang='lat' dir='ltr'><strong>quarum</strong></span> <span class='ocrx_word' id='word_1_23' title='bbox 1314 968 1469 1034; x_wconf 87' lang='lat' dir='ltr'><strong>naturalis</strong></span> <span class='ocrx_word' id='word_1_24' title='bbox 1497 969 1610 1054; x_wconf 92' lang='lat' dir='ltr'><strong>primo,</strong></span> 
     </span>
     <span class='ocr_line' id='line_1_4' title="bbox 267 1086 1615 1172; baseline 0.004 -21"><span class='ocrx_word' id='word_1_25' title='bbox 267 1087 399 1152; x_wconf 89' lang='lat' dir='ltr'><strong>moralis</strong></span> <span class='ocrx_word' id='word_1_26' title='bbox 427 1087 539 1152; x_wconf 92' lang='lat' dir='ltr'><strong>ultimo</strong></span> <span class='ocrx_word' id='word_1_27' title='bbox 569 1087 638 1152; x_wconf 94' lang='lat' dir='ltr'><strong>loco</strong></span> <span class='ocrx_word' id='word_1_28' title='bbox 660 1087 805 1172; x_wconf 66' lang='lat' dir='ltr'><strong>ponitur,</strong></span> <span class='ocrx_word' id='word_1_29' title='bbox 838 1086 979 1153; x_wconf 90' lang='lat' dir='ltr'><strong>medium</strong></span> <span class='ocrx_word' id='word_1_30' title='bbox 1008 1087 1092 1153; x_wconf 91' lang='lat' dir='ltr'><strong>iuter</strong></span> <span class='ocrx_word' id='word_1_31' title='bbox 1120 1094 1287 1171; x_wconf 89' lang='lat' dir='ltr'><strong>utramque</strong></span> <span class='ocrx_word' id='word_1_32' title='bbox 1316 1096 1419 1171; x_wconf 88' lang='lat' dir='ltr'><strong>tenet,</strong></span> <span class='ocrx_word' id='word_1_33' title='bbox 1453 1109 1536 1172; x_wconf 92' lang='lat' dir='ltr'><strong>quae</strong></span> <span class='ocrx_word' id='word_1_34' title='bbox 1565 1096 1615 1156; x_wconf 91' lang='lat' dir='ltr'><strong>est</strong></span> 
     </span>
     <span class='ocr_line' id='line_1_5' title="bbox 269 1207 1613 1294; baseline 0.002 -22"><span class='ocrx_word' id='word_1_35' title='bbox 269 1207 445 1291; x_wconf 90' lang='lat' dir='ltr'><strong>quaerendi</strong></span> <span class='ocrx_word' id='word_1_36' title='bbox 474 1227 512 1273; x_wconf 92' lang='lat' dir='ltr'><strong>ac</strong></span> <span class='ocrx_word' id='word_1_37' title='bbox 541 1207 723 1274; x_wconf 89' lang='lat' dir='ltr'><strong>disserendi</strong></span> <span class='ocrx_word' id='word_1_38' title='bbox 746 1227 798 1274; x_wconf 89' lang='lat' dir='ltr'><strong>ars</strong></span> <span class='ocrx_word' id='word_1_39' title='bbox 821 1228 957 1292; x_wconf 90' lang='lat' dir='ltr'><strong>eamque</strong></span> <span class='ocrx_word' id='word_1_40' title='bbox 981 1209 1219 1294; x_wconf 81' lang='lat' dir='ltr'><strong>exspectaveris</strong></span> <span class='ocrx_word' id='word_1_41' title='bbox 1241 1208 1442 1275; x_wconf 89' lang='lat' dir='ltr'><strong>dialecticam</strong></span> <span class='ocrx_word' id='word_1_42' title='bbox 1465 1217 1613 1277; x_wconf 89' lang='lat' dir='ltr'><strong>vocatum</strong></span> 
     </span>
     <span class='ocr_line' id='line_1_6' title="bbox 268 1325 1614 1419; baseline 0.001 -26"><span class='ocrx_word' id='word_1_43' title='bbox 268 1329 319 1393; x_wconf 89' lang='lat' dir='ltr'><strong>iri.</strong></span> <span class='ocrx_word' id='word_1_44' title='bbox 365 1329 438 1394; x_wconf 91' lang='lat' dir='ltr'><strong>Iure</strong></span> <span class='ocrx_word' id='word_1_45' title='bbox 467 1328 566 1419; x_wconf 90' lang='lat' dir='ltr'><strong>igitur</strong></span> <span class='ocrx_word' id='word_1_46' title='bbox 595 1328 735 1412; x_wconf 88' lang='lat' dir='ltr'><strong>mireris,</strong></span> <span class='ocrx_word' id='word_1_47' title='bbox 769 1328 855 1412; x_wconf 91' lang='lat' dir='ltr'><strong>quod</strong></span> <span class='ocrx_word' id='word_1_48' title='bbox 884 1350 924 1395; x_wconf 89' lang='lat' dir='ltr'><strong>ea</strong></span> <span class='ocrx_word' id='word_1_49' title='bbox 946 1325 1051 1415; x_wconf 77' lang='grc' dir='ltr'>λογική</span> <span class='ocrx_word' id='word_1_50' title='bbox 1082 1329 1208 1395; x_wconf 90' lang='lat' dir='ltr'><strong>dicitur.</strong></span> <span class='ocrx_word' id='word_1_51' title='bbox 1257 1330 1365 1408; x_wconf 79' lang='lat' dir='ltr'><strong>Quid-r</strong></span> <span class='ocrx_word' id='word_1_52' title='bbox 1392 1332 1479 1396; x_wconf 90' lang='lat' dir='ltr'><strong>Num</strong></span> <span class='ocrx_word' id='word_1_53' title='bbox 1508 1331 1614 1397; x_wconf 92' lang='lat' dir='ltr'><strong>subito</strong></span> 
     </span>
     <span class='ocr_line' id='line_1_7' title="bbox 268 1425 1685 1535; baseline 0.002 -21"><span class='ocrx_word' id='word_1_54' title='bbox 268 1468 309 1514; x_wconf 78' lang='lat' dir='ltr'><strong>ex</strong></span> <span class='ocrx_word' id='word_1_55' title='bbox 331 1449 508 1515; x_wconf 87' lang='lat' dir='ltr'><strong>Stoicorum</strong></span> <span class='ocrx_word' id='word_1_56' title='bbox 532 1449 645 1515; x_wconf 88' lang='lat' dir='ltr'><strong>castris</strong></span> <span class='ocrx_word' id='word_1_57' title='bbox 666 1449 710 1515; x_wconf 95' lang='lat' dir='ltr'><strong>ad</strong></span> <span class='ocrx_word' id='word_1_58' title='bbox 732 1449 962 1535; x_wconf 78' lang='lat' dir='ltr'><strong>Peripateticos</strong></span> <span class='ocrx_word' id='word_1_59' title='bbox 977 1451 1090 1517; x_wconf 82' lang='lat' dir='ltr'><strong>Cicero</strong></span> <span class='ocrx_word' id='word_1_60' title='bbox 1112 1450 1260 1516; x_wconf 56' lang='lat' dir='ltr'><strong>transiisse</strong></span> <span class='ocrx_word' id='word_1_61' title='bbox 1286 1451 1324 1515; x_wconf 94' lang='lat' dir='ltr'><strong>Id</strong></span> <span class='ocrx_word' id='word_1_62' title='bbox 1347 1451 1458 1517; x_wconf 90' lang='lat' dir='ltr'><strong>credat</strong></span> <span class='ocrx_word' id='word_1_63' title='bbox 1472 1451 1613 1517; x_wconf 88' lang='lat' dir='ltr'><strong>Iudaeus</strong></span> <span class='ocrx_word' id='word_1_64' title='bbox 1676 1425 1685 1438; x_wconf 52' lang='grc'><em>’</em></span> 
     </span>
     <span class='ocr_line' id='line_1_8' title="bbox 270 1569 1616 1657; baseline 0.002 -22"><span class='ocrx_word' id='word_1_65' title='bbox 270 1570 397 1655; x_wconf 80' lang='lat' dir='ltr'><strong>Apella.</strong></span> <span class='ocrx_word' id='word_1_66' title='bbox 445 1571 547 1636; x_wconf 85' lang='lat' dir='ltr'><strong>Erunt</strong></span> <span class='ocrx_word' id='word_1_67' title='bbox 567 1577 676 1636; x_wconf 90' lang='lat' dir='ltr'><strong>tamen</strong></span> <span class='ocrx_word' id='word_1_68' title='bbox 697 1569 785 1635; x_wconf 90' lang='lat' dir='ltr'><strong>baud</strong></span> <span class='ocrx_word' id='word_1_69' title='bbox 807 1569 904 1636; x_wconf 93' lang='lat' dir='ltr'><strong>dubie</strong></span> <span class='ocrx_word' id='word_1_70' title='bbox 927 1571 1017 1657; x_wconf 92' lang='lat' dir='ltr'><strong>probi</strong></span> <span class='ocrx_word' id='word_1_71' title='bbox 1040 1571 1185 1638; x_wconf 89' lang='lat' dir='ltr'><strong>homiues</strong></span> <span class='ocrx_word' id='word_1_72' title='bbox 1205 1579 1237 1638; x_wconf 92' lang='lat' dir='ltr'><strong>et</strong></span> <span class='ocrx_word' id='word_1_73' title='bbox 1251 1578 1414 1657; x_wconf 81' lang='lat' dir='ltr'><strong>spectatae</strong></span> <span class='ocrx_word' id='word_1_74' title='bbox 1430 1572 1506 1638; x_wconf 90' lang='lat' dir='ltr'><strong>fidei</strong></span> <span class='ocrx_word' id='word_1_75' title='bbox 1521 1572 1616 1639; x_wconf 81' lang='lat' dir='ltr'><strong>Obri-</strong></span> 
     </span>
     <span class='ocr_line' id='line_1_9' title="bbox 269 1690 1614 1774; baseline 0.001 -18"><span class='ocrx_word' id='word_1_76' title='bbox 269 1691 376 1774; x_wconf 89' lang='lat' dir='ltr'><strong>stiani,</strong></span> <span class='ocrx_word' id='word_1_77' title='bbox 403 1691 457 1773; x_wconf 91' lang='lat' dir='ltr'><strong>qui</strong></span> <span class='ocrx_word' id='word_1_78' title='bbox 480 1691 665 1757; x_wconf 83' lang='lat' dir='ltr'><strong>existiment</strong></span> <span class='ocrx_word' id='word_1_79' title='bbox 686 1690 749 1757; x_wconf 87' lang='lat' dir='ltr'><strong>bac</strong></span> <span class='ocrx_word' id='word_1_80' title='bbox 771 1712 836 1758; x_wconf 85' lang='lat' dir='ltr'><strong>una</strong></span> <span class='ocrx_word' id='word_1_81' title='bbox 858 1711 892 1756; x_wconf 92' lang='lat' dir='ltr'><strong>re</strong></span> <span class='ocrx_word' id='word_1_82' title='bbox 915 1693 1023 1758; x_wconf 89' lang='lat' dir='ltr'><strong>omnia</strong></span> <span class='ocrx_word' id='word_1_83' title='bbox 1045 1713 1085 1759; x_wconf 91' lang='lat' dir='ltr'><strong>ea</strong></span> <span class='ocrx_word' id='word_1_84' title='bbox 1107 1713 1253 1760; x_wconf 86' lang='lat' dir='ltr'><strong>corruere</strong></span> <span class='ocrx_word' id='word_1_85' title='bbox 1276 1700 1311 1759; x_wconf 93' lang='lat' dir='ltr'><strong>ut</strong></span> <span class='ocrx_word' id='word_1_86' title='bbox 1332 1714 1396 1759; x_wconf 94' lang='lat' dir='ltr'><strong>nou</strong></span> <span class='ocrx_word' id='word_1_87' title='bbox 1415 1693 1495 1759; x_wconf 91' lang='lat' dir='ltr'><strong>satis</strong></span> <span class='ocrx_word' id='word_1_88' title='bbox 1511 1693 1614 1760; x_wconf 93' lang='lat' dir='ltr'><strong>solido</strong></span> 
     </span>
     <span class='ocr_line' id='line_1_10' title="bbox 269 1808 1613 1900; baseline 0.001 -22"><span class='ocrx_word' id='word_1_89' title='bbox 269 1818 488 1897; x_wconf 84' lang='lat' dir='ltr'><strong>superstructa</strong></span> <span class='ocrx_word' id='word_1_90' title='bbox 509 1811 719 1878; x_wconf 85' lang='lat' dir='ltr'><strong>fundamento</strong></span> <span class='ocrx_word' id='word_1_91' title='bbox 743 1831 825 1894; x_wconf 91' lang='lat' dir='ltr'><strong>quae</strong></span> <span class='ocrx_word' id='word_1_92' title='bbox 848 1810 889 1877; x_wconf 93' lang='lat' dir='ltr'><strong>de</strong></span> <span class='ocrx_word' id='word_1_93' title='bbox 904 1812 1058 1879; x_wconf 82' lang='lat' dir='ltr'><strong>Cicerone</strong></span> <span class='ocrx_word' id='word_1_94' title='bbox 1073 1813 1106 1879; x_wconf 90' lang='lat' dir='ltr'><strong>in</strong></span> <span class='ocrx_word' id='word_1_95' title='bbox 1121 1814 1223 1900; x_wconf 86' lang='lat' dir='ltr'><strong>primo</strong></span> <span class='ocrx_word' id='word_1_96' title='bbox 1238 1821 1271 1881; x_wconf 89' lang='lat' dir='ltr'><strong>et</strong></span> <span class='ocrx_word' id='word_1_97' title='bbox 1285 1808 1425 1881; x_wconf 85' lang='lat' dir='ltr'><strong>secundo</strong></span> <span class='ocrx_word' id='word_1_98' title='bbox 1441 1814 1481 1881; x_wconf 90' lang='lat' dir='ltr'><strong>de</strong></span> <span class='ocrx_word' id='word_1_99' title='bbox 1496 1814 1613 1881; x_wconf 88' lang='lat' dir='ltr'><strong>finibus</strong></span> 
     </span>
     <span class='ocr_line' id='line_1_11' title="bbox 267 1924 1612 2019; baseline 0.001 -21"><span class='ocrx_word' id='word_1_100' title='bbox 267 1954 289 1998; x_wconf 90' lang='lat' dir='ltr'><strong>a</strong></span> <span class='ocrx_word' id='word_1_101' title='bbox 310 1933 426 1999; x_wconf 84' lang='lat' dir='ltr'><strong>Stoicis</strong></span> <span class='ocrx_word' id='word_1_102' title='bbox 455 1933 615 2019; x_wconf 85' lang='lat' dir='ltr'><strong>pendente</strong></span> <span class='ocrx_word' id='word_1_103' title='bbox 644 1934 738 1999; x_wconf 92' lang='lat' dir='ltr'><strong>modo</strong></span> <span class='ocrx_word' id='word_1_104' title='bbox 758 1924 1011 2017; x_wconf 51' lang='lat' dir='ltr'><strong>&#39;argumentatus</strong></span> <span class='ocrx_word' id='word_1_105' title='bbox 1041 1954 1123 2000; x_wconf 89' lang='lat' dir='ltr'><strong>sum.</strong></span> <span class='ocrx_word' id='word_1_106' title='bbox 1170 1935 1311 2014; x_wconf 85' lang='lat' dir='ltr'><strong>Quorum</strong></span> <span class='ocrx_word' id='word_1_107' title='bbox 1340 1943 1375 2002; x_wconf 89' lang='lat' dir='ltr'><strong>ut</strong></span> <span class='ocrx_word' id='word_1_108' title='bbox 1403 1936 1456 2001; x_wconf 84' lang='lat' dir='ltr'><strong>rel</strong></span> <span class='ocrx_word' id='word_1_109' title='bbox 1482 1935 1612 2001; x_wconf 85' lang='lat' dir='ltr'><strong>anxiam</strong></span> 
     </span>
     <span class='ocr_line' id='line_1_12' title="bbox 268 2054 1608 2142; baseline 0.002 -23"><span class='ocrx_word' id='word_1_110' title='bbox 268 2054 497 2121; x_wconf 86' lang='lat' dir='ltr'><strong>dubitationem</strong></span> <span class='ocrx_word' id='word_1_111' title='bbox 521 2055 573 2120; x_wconf 84' lang='lat' dir='ltr'><strong>rel</strong></span> <span class='ocrx_word' id='word_1_112' title='bbox 596 2054 805 2140; x_wconf 90' lang='lat' dir='ltr'><strong>pertinaciam</strong></span> <span class='ocrx_word' id='word_1_113' title='bbox 828 2054 966 2138; x_wconf 82' lang='lat' dir='ltr'><strong>rigidam</strong></span> <span class='ocrx_word' id='word_1_114' title='bbox 982 2056 1110 2123; x_wconf 89' lang='lat' dir='ltr'><strong>vincere</strong></span> <span class='ocrx_word' id='word_1_115' title='bbox 1125 2056 1256 2142; x_wconf 90' lang='lat' dir='ltr'><strong>possim,</strong></span> <span class='ocrx_word' id='word_1_116' title='bbox 1282 2056 1366 2123; x_wconf 91' lang='lat' dir='ltr'><strong>bene</strong></span> <span class='ocrx_word' id='word_1_117' title='bbox 1381 2056 1499 2140; x_wconf 86' lang='lat' dir='ltr'><strong>evenit,</strong></span> <span class='ocrx_word' id='word_1_118' title='bbox 1522 2055 1608 2140; x_wconf 93' lang='lat' dir='ltr'><strong>quod</strong></span> 
     </span>
     <span class='ocr_line' id='line_1_13' title="bbox 267 2175 1608 2261; baseline 0 -21"><span class='ocrx_word' id='word_1_119' title='bbox 267 2175 300 2241; x_wconf 91' lang='lat' dir='ltr'><strong>in</strong></span> <span class='ocrx_word' id='word_1_120' title='bbox 323 2177 390 2242; x_wconf 89' lang='lat' dir='ltr'><strong>alia</strong></span> <span class='ocrx_word' id='word_1_121' title='bbox 412 2176 575 2242; x_wconf 83' lang='lat' dir='ltr'><strong>Ciceronis</strong></span> <span class='ocrx_word' id='word_1_122' title='bbox 598 2176 696 2241; x_wconf 88' lang='lat' dir='ltr'><strong>verba</strong></span> <span class='ocrx_word' id='word_1_123' title='bbox 718 2175 831 2255; x_wconf 89' lang='lat' dir='ltr'><strong>incidi,</strong></span> <span class='ocrx_word' id='word_1_124' title='bbox 866 2192 950 2259; x_wconf 85' lang='lat' dir='ltr'><strong>quae</strong></span> <span class='ocrx_word' id='word_1_125' title='bbox 973 2183 1149 2242; x_wconf 89' lang='lat' dir='ltr'><strong>ceterorum</strong></span> <span class='ocrx_word' id='word_1_126' title='bbox 1171 2178 1280 2244; x_wconf 90' lang='lat' dir='ltr'><strong>oculos</strong></span> <span class='ocrx_word' id='word_1_127' title='bbox 1303 2176 1427 2261; x_wconf 83' lang='lat' dir='ltr'><strong>fugisse</strong></span> <span class='ocrx_word' id='word_1_128' title='bbox 1450 2177 1608 2244; x_wconf 91' lang='lat' dir='ltr'><strong>videntur.</strong></span> 
     </span>
     <span class='ocr_line' id='line_1_14' title="bbox 268 2295 1615 2384; baseline 0.001 -22"><span class='ocrx_word' id='word_1_129' title='bbox 268 2298 306 2361; x_wconf 94' lang='lat' dir='ltr'><strong>In</strong></span> <span class='ocrx_word' id='word_1_130' title='bbox 321 2298 577 2364; x_wconf 86' lang='lat' dir='ltr'><strong>Tusculanarum</strong></span> <span class='ocrx_word' id='word_1_131' title='bbox 601 2297 686 2364; x_wconf 89' lang='lat' dir='ltr'><strong>enim</strong></span> <span class='ocrx_word' id='word_1_132' title='bbox 708 2303 821 2381; x_wconf 88' lang='lat' dir='ltr'><strong>quarto</strong></span> <span class='ocrx_word' id='word_1_133' title='bbox 847 2295 900 2382; x_wconf 86' lang='lat' dir='ltr'><strong>(cf.</strong></span> <span class='ocrx_word' id='word_1_134' title='bbox 923 2302 971 2380; x_wconf 79' lang='lat'><strong>¹4,</strong></span> <span class='ocrx_word' id='word_1_135' title='bbox 991 2299 1041 2379; x_wconf 82' lang='lat'><strong>33]</strong></span> <span class='ocrx_word' id='word_1_136' title='bbox 1070 2297 1126 2363; x_wconf 91' lang='lat' dir='ltr'><strong>diu</strong></span> <span class='ocrx_word' id='word_1_137' title='bbox 1148 2297 1183 2363; x_wconf 91' lang='lat' dir='ltr'><strong>iu</strong></span> <span class='ocrx_word' id='word_1_138' title='bbox 1205 2297 1384 2384; x_wconf 87' lang='lat' dir='ltr'><strong>partiendis</strong></span> <span class='ocrx_word' id='word_1_139' title='bbox 1404 2318 1443 2365; x_wconf 92' lang='lat' dir='ltr'><strong>ac</strong></span> <span class='ocrx_word' id='word_1_140' title='bbox 1458 2297 1615 2365; x_wconf 86' lang='lat' dir='ltr'><strong>delinien-</strong></span> 
     </span>
     <span class='ocr_line' id='line_1_15' title="bbox 268 2417 1610 2505; baseline 0.002 -22"><span class='ocrx_word' id='word_1_141' title='bbox 268 2417 319 2483; x_wconf 91' lang='lat' dir='ltr'><strong>dis</strong></span> <span class='ocrx_word' id='word_1_142' title='bbox 349 2418 448 2485; x_wconf 89' lang='lat' dir='ltr'><strong>animi</strong></span> <span class='ocrx_word' id='word_1_143' title='bbox 477 2417 770 2505; x_wconf 87' lang='lat' dir='ltr'><strong>perturbationibus</strong></span> <span class='ocrx_word' id='word_1_144' title='bbox 792 2417 931 2503; x_wconf 87' lang='lat' dir='ltr'><strong>Arpinas</strong></span> <span class='ocrx_word' id='word_1_145' title='bbox 960 2424 1068 2485; x_wconf 89' lang='lat' dir='ltr'><strong>noster</strong></span> <span class='ocrx_word' id='word_1_146' title='bbox 1090 2426 1237 2486; x_wconf 84' lang='lat' dir='ltr'><strong>versatus</strong></span> <span class='ocrx_word' id='word_1_147' title='bbox 1268 2419 1385 2485; x_wconf 83' lang='lat' dir='ltr'><strong>‘habes</strong></span> <span class='ocrx_word' id='word_1_148' title='bbox 1408 2439 1465 2504; x_wconf 89' lang='lat' dir='ltr'><strong>ea,</strong></span> <span class='ocrx_word' id='word_1_149' title='bbox 1497 2419 1610 2504; x_wconf 89' lang='lat' dir='ltr'><strong>iuquit,</strong></span> 
     </span>
     <span class='ocr_line' id='line_1_16' title="bbox 268 2535 1614 2626; baseline -0.001 -21"><span class='ocrx_word' id='word_1_150' title='bbox 268 2560 352 2624; x_wconf 87' lang='lat' dir='ltr'><strong>quae</strong></span> <span class='ocrx_word' id='word_1_151' title='bbox 375 2539 416 2606; x_wconf 92' lang='lat' dir='ltr'><strong>de</strong></span> <span class='ocrx_word' id='word_1_152' title='bbox 438 2539 729 2626; x_wconf 90' lang='lat' dir='ltr'><strong>perturbationibus</strong></span> <span class='ocrx_word' id='word_1_153' title='bbox 752 2539 919 2605; x_wconf 88' lang='lat' dir='ltr'><strong>enucleate</strong></span> <span class='ocrx_word' id='word_1_154' title='bbox 942 2539 1108 2625; x_wconf 88' lang='lat' dir='ltr'><strong>disputant</strong></span> <span class='ocrx_word' id='word_1_155' title='bbox 1130 2539 1239 2623; x_wconf 87' lang='lat' dir='ltr'><strong>Stoici,</strong></span> <span class='ocrx_word' id='word_1_156' title='bbox 1265 2560 1348 2622; x_wconf 87' lang='lat' dir='ltr'><strong>quae</strong></span> <span class='ocrx_word' id='word_1_157' title='bbox 1371 2535 1477 2626; x_wconf 71' lang='grc' dir='ltr'>λογικά</span> <span class='ocrx_word' id='word_1_158' title='bbox 1499 2540 1614 2626; x_wconf 87' lang='lat' dir='ltr'><strong>appel-</strong></span> 
     </span>
     <span class='ocr_line' id='line_1_17' title="bbox 268 2659 1615 2745; baseline 0.001 -20"><span class='ocrx_word' id='word_1_159' title='bbox 268 2660 352 2744; x_wconf 89' lang='lat' dir='ltr'><strong>lant,</strong></span> <span class='ocrx_word' id='word_1_160' title='bbox 386 2660 462 2745; x_wconf 89' lang='lat' dir='ltr'><strong>quia</strong></span> <span class='ocrx_word' id='word_1_161' title='bbox 491 2660 692 2726; x_wconf 90' lang='lat' dir='ltr'><strong>disseruntur</strong></span> <span class='ocrx_word' id='word_1_162' title='bbox 721 2659 896 2725; x_wconf 89' lang='lat' dir='ltr'><strong>subtilius&#39;.</strong></span> <span class='ocrx_word' id='word_1_163' title='bbox 942 2659 1014 2724; x_wconf 91' lang='lat' dir='ltr'><strong>Nou</strong></span> <span class='ocrx_word' id='word_1_164' title='bbox 1036 2660 1220 2726; x_wconf 89' lang='lat' dir='ltr'><strong>Aristotelio</strong></span> <span class='ocrx_word' id='word_1_165' title='bbox 1242 2681 1330 2726; x_wconf 92' lang='lat' dir='ltr'><strong>more</strong></span> <span class='ocrx_word' id='word_1_166' title='bbox 1352 2680 1435 2744; x_wconf 89' lang='lat' dir='ltr'><strong>quae</strong></span> <span class='ocrx_word' id='word_1_167' title='bbox 1458 2660 1491 2725; x_wconf 91' lang='lat' dir='ltr'><strong>in</strong></span> <span class='ocrx_word' id='word_1_168' title='bbox 1513 2681 1615 2744; x_wconf 88' lang='lat' dir='ltr'><strong>gene-</strong></span> 
     </span>
     <span class='ocr_line' id='line_1_18' title="bbox 268 2780 1614 2867; baseline 0 -21"><span class='ocrx_word' id='word_1_169' title='bbox 268 2782 356 2848; x_wconf 92' lang='lat' dir='ltr'><strong>ribus</strong></span> <span class='ocrx_word' id='word_1_170' title='bbox 386 2782 545 2848; x_wconf 88' lang='lat' dir='ltr'><strong>universis</strong></span> <span class='ocrx_word' id='word_1_171' title='bbox 574 2781 709 2846; x_wconf 90' lang='lat' dir='ltr'><strong>haerent</strong></span> <span class='ocrx_word' id='word_1_172' title='bbox 730 2780 885 2864; x_wconf 90' lang='lat' dir='ltr'><strong>ideoque,</strong></span> <span class='ocrx_word' id='word_1_173' title='bbox 918 2780 1004 2864; x_wconf 88' lang='lat' dir='ltr'><strong>quod</strong></span> <span class='ocrx_word' id='word_1_174' title='bbox 1025 2781 1067 2846; x_wconf 91' lang='lat' dir='ltr'><strong>ad</strong></span> <span class='ocrx_word' id='word_1_175' title='bbox 1090 2781 1270 2867; x_wconf 89' lang='lat' dir='ltr'><strong>peculiares</strong></span> <span class='ocrx_word' id='word_1_176' title='bbox 1293 2781 1544 2864; x_wconf 90' lang='lat' dir='ltr'><strong>uniuscuiusque</strong></span> <span class='ocrx_word' id='word_1_177' title='bbox 1567 2782 1614 2848; x_wconf 92' lang='lat' dir='ltr'><strong>rei</strong></span> 
     </span>
     <span class='ocr_line' id='line_1_19' title="bbox 267 2880 1611 2986; baseline -0.001 -17"><span class='ocrx_word' id='word_1_178' title='bbox 267 2923 382 2969; x_wconf 90' lang='lat' dir='ltr'><strong>causas</strong></span> <span class='ocrx_word' id='word_1_179' title='bbox 403 2880 466 2969; x_wconf 85' lang='lat' dir='ltr'><strong>uon</strong></span> <span class='ocrx_word' id='word_1_180' title='bbox 489 2901 697 2985; x_wconf 90' lang='lat' dir='ltr'><strong>descendunt,</strong></span> <span class='ocrx_word' id='word_1_181' title='bbox 723 2901 766 2967; x_wconf 93' lang='lat' dir='ltr'><strong>ad</strong></span> <span class='ocrx_word' id='word_1_182' title='bbox 788 2901 934 2968; x_wconf 84' lang='lat' dir='ltr'><strong>veritatis</strong></span> <span class='ocrx_word' id='word_1_183' title='bbox 957 2901 1132 2968; x_wconf 83' lang='lat' dir='ltr'><strong>doctrinam</strong></span> <span class='ocrx_word' id='word_1_184' title='bbox 1155 2902 1307 2986; x_wconf 84' lang='lat' dir='ltr'><strong>exiguum</strong></span> <span class='ocrx_word' id='word_1_185' title='bbox 1329 2908 1452 2968; x_wconf 67' lang='lat' dir='ltr'><strong>tanum</strong></span> <span class='ocrx_word' id='word_1_186' title='bbox 1475 2903 1611 2969; x_wconf 88' lang='lat' dir='ltr'><strong>fructum</strong></span> 
     </span>
     <span class='ocr_line' id='line_1_20' title="bbox 267 3021 1616 3110; baseline 0.001 -22"><span class='ocrx_word' id='word_1_187' title='bbox 267 3023 404 3107; x_wconf 87' lang='lat' dir='ltr'><strong>habent,</strong></span> <span class='ocrx_word' id='word_1_188' title='bbox 431 3045 470 3090; x_wconf 88' lang='lat' dir='ltr'><strong>ea</strong></span> <span class='ocrx_word' id='word_1_189' title='bbox 492 3023 544 3089; x_wconf 90' lang='lat' dir='ltr'><strong>hic</strong></span> <span class='ocrx_word' id='word_1_190' title='bbox 567 3021 672 3110; x_wconf 71' lang='grc' dir='ltr'>λογικά</span> <span class='ocrx_word' id='word_1_191' title='bbox 697 3029 863 3105; x_wconf 81' lang='lat' dir='ltr'><strong>vocantur,</strong></span> <span class='ocrx_word' id='word_1_192' title='bbox 890 3022 949 3089; x_wconf 89' lang='lat' dir='ltr'><strong>sed</strong></span> <span class='ocrx_word' id='word_1_193' title='bbox 971 3043 1054 3107; x_wconf 90' lang='lat' dir='ltr'><strong>quae</strong></span> <span class='ocrx_word' id='word_1_194' title='bbox 1076 3022 1119 3088; x_wconf 90' lang='lat' dir='ltr'><strong>ad</strong></span> <span class='ocrx_word' id='word_1_195' title='bbox 1142 3023 1328 3108; x_wconf 88' lang='lat' dir='ltr'><strong>partitiones</strong></span> <span class='ocrx_word' id='word_1_196' title='bbox 1350 3044 1389 3090; x_wconf 91' lang='lat' dir='ltr'><strong>ac</strong></span> <span class='ocrx_word' id='word_1_197' title='bbox 1411 3023 1616 3090; x_wconf 86' lang='lat' dir='ltr'><strong>definitiones</strong></span> 
     </span>
     <span class='ocr_line' id='line_1_21' title="bbox 268 3143 1612 3231; baseline -0.002 -19"><span class='ocrx_word' id='word_1_198' title='bbox 268 3146 445 3231; x_wconf 76' lang='lat' dir='ltr'><strong>pertinent,</strong></span> <span class='ocrx_word' id='word_1_199' title='bbox 482 3165 533 3212; x_wconf 91' lang='lat' dir='ltr'><strong>res</strong></span> <span class='ocrx_word' id='word_1_200' title='bbox 562 3144 633 3230; x_wconf 91' lang='lat' dir='ltr'><strong>ipso</strong></span> <span class='ocrx_word' id='word_1_201' title='bbox 662 3143 844 3210; x_wconf 90' lang='lat' dir='ltr'><strong>Aristotelis</strong></span> <span class='ocrx_word' id='word_1_202' title='bbox 877 3144 996 3210; x_wconf 88' lang='lat' dir='ltr'><strong>iudicio</strong></span> <span class='ocrx_word' id='word_1_203' title='bbox 1028 3144 1173 3211; x_wconf 86' lang='lat' dir='ltr'><strong>veritatis</strong></span> <span class='ocrx_word' id='word_1_204' title='bbox 1207 3144 1380 3229; x_wconf 83' lang='lat' dir='ltr'><strong>cognitioni</strong></span> <span class='ocrx_word' id='word_1_205' title='bbox 1410 3144 1612 3211; x_wconf 86' lang='lat' dir='ltr'><strong>utilissimas.</strong></span> 
     </span>
     <span class='ocr_line' id='line_1_22' title="bbox 270 3265 1613 3351; baseline -0.001 -19"><span class='ocrx_word' id='word_1_206' title='bbox 270 3268 380 3333; x_wconf 88' lang='lat' dir='ltr'><strong>Habes</strong></span> <span class='ocrx_word' id='word_1_207' title='bbox 408 3266 506 3351; x_wconf 85' lang='lat' dir='ltr'><strong>igitur</strong></span> <span class='ocrx_word' id='word_1_208' title='bbox 535 3266 576 3332; x_wconf 93' lang='lat' dir='ltr'><strong>ab</strong></span> <span class='ocrx_word' id='word_1_209' title='bbox 599 3265 772 3331; x_wconf 77' lang='lat' dir='ltr'><strong>Aristotele</strong></span> <span class='ocrx_word' id='word_1_210' title='bbox 797 3265 938 3331; x_wconf 89' lang='lat' dir='ltr'><strong>alienum</strong></span> <span class='ocrx_word' id='word_1_211' title='bbox 961 3285 999 3331; x_wconf 88' lang='lat' dir='ltr'><strong>ac</strong></span> <span class='ocrx_word' id='word_1_212' title='bbox 1022 3286 1139 3331; x_wconf 86' lang='lat' dir='ltr'><strong>novum</strong></span> <span class='ocrx_word' id='word_1_213' title='bbox 1161 3265 1315 3348; x_wconf 88' lang='lat' dir='ltr'><strong>loquendi</strong></span> <span class='ocrx_word' id='word_1_214' title='bbox 1337 3285 1476 3349; x_wconf 86' lang='lat' dir='ltr'><strong>morem,</strong></span> <span class='ocrx_word' id='word_1_215' title='bbox 1509 3286 1613 3350; x_wconf 92' lang='lat' dir='ltr'><strong>neque</strong></span> 
     </span>
     <span class='ocr_line' id='line_1_23' title="bbox 270 3385 1613 3471; baseline -0.003 -17"><span class='ocrx_word' id='word_1_216' title='bbox 270 3389 324 3471; x_wconf 87' lang='lat' dir='ltr'><strong>qui</strong></span> <span class='ocrx_word' id='word_1_217' title='bbox 348 3409 386 3455; x_wconf 94' lang='lat' dir='ltr'><strong>eo</strong></span> <span class='ocrx_word' id='word_1_218' title='bbox 408 3387 459 3452; x_wconf 91' lang='lat' dir='ltr'><strong>usi</strong></span> <span class='ocrx_word' id='word_1_219' title='bbox 482 3394 556 3453; x_wconf 89' lang='lat' dir='ltr'><strong>sunt</strong></span> <span class='ocrx_word' id='word_1_220' title='bbox 578 3406 634 3452; x_wconf 90' lang='lat' dir='ltr'><strong>cur</strong></span> <span class='ocrx_word' id='word_1_221' title='bbox 655 3385 689 3451; x_wconf 94' lang='lat' dir='ltr'><strong>id</strong></span> <span class='ocrx_word' id='word_1_222' title='bbox 712 3385 847 3453; x_wconf 83' lang='lat' dir='ltr'><strong>fecerint</strong></span> <span class='ocrx_word' id='word_1_223' title='bbox 868 3385 966 3452; x_wconf 87' lang='lat' dir='ltr'><strong>facile</strong></span> <span class='ocrx_word' id='word_1_224' title='bbox 989 3387 1203 3470; x_wconf 79' lang='lat' dir='ltr'><strong>explicaveris</strong></span> <span class='ocrx_word' id='word_1_225' title='bbox 1224 3386 1286 3452; x_wconf 92' lang='lat' dir='ltr'><strong>nisi</strong></span> <span class='ocrx_word' id='word_1_226' title='bbox 1310 3386 1461 3453; x_wconf 88' lang='lat' dir='ltr'><strong>statueris</strong></span> <span class='ocrx_word' id='word_1_227' title='bbox 1484 3385 1613 3452; x_wconf 92' lang='lat' dir='ltr'><strong>eosdem</strong></span> 
     </span>
     <span class='ocr_line' id='line_1_24' title="bbox 269 3505 1616 3593; baseline -0.002 -18"><span class='ocrx_word' id='word_1_228' title='bbox 269 3529 358 3590; x_wconf 91' lang='lat' dir='ltr'><strong>esse,</strong></span> <span class='ocrx_word' id='word_1_229' title='bbox 393 3509 447 3593; x_wconf 91' lang='lat' dir='ltr'><strong>qui</strong></span> <span class='ocrx_word' id='word_1_230' title='bbox 476 3508 677 3574; x_wconf 89' lang='lat' dir='ltr'><strong>dialecticam</strong></span> <span class='ocrx_word' id='word_1_231' title='bbox 707 3505 743 3571; x_wconf 92' lang='lat' dir='ltr'><strong>id</strong></span> <span class='ocrx_word' id='word_1_232' title='bbox 772 3514 822 3573; x_wconf 88' lang='lat' dir='ltr'><strong>est</strong></span> <span class='ocrx_word' id='word_1_233' title='bbox 851 3527 922 3574; x_wconf 90' lang='lat' dir='ltr'><strong>eam</strong></span> <span class='ocrx_word' id='word_1_234' title='bbox 945 3507 1169 3593; x_wconf 80' lang='lat' dir='ltr'><strong>disciplinam,</strong></span> <span class='ocrx_word' id='word_1_235' title='bbox 1202 3508 1293 3573; x_wconf 90' lang='lat' dir='ltr'><strong>ouius</strong></span> <span class='ocrx_word' id='word_1_236' title='bbox 1315 3507 1433 3573; x_wconf 86' lang='lat' dir='ltr'><strong>tinibus</strong></span> <span class='ocrx_word' id='word_1_237' title='bbox 1455 3506 1616 3593; x_wconf 88' lang='lat' dir='ltr'><strong>partiendi</strong></span> 
     </span>
     <span class='ocr_line' id='line_1_25' title="bbox 269 3627 1615 3715; baseline -0.002 -19"><span class='ocrx_word' id='word_1_238' title='bbox 269 3650 395 3715; x_wconf 90' lang='lat' dir='ltr'><strong>quoque</strong></span> <span class='ocrx_word' id='word_1_239' title='bbox 417 3650 455 3696; x_wconf 88' lang='lat' dir='ltr'><strong>ac</strong></span> <span class='ocrx_word' id='word_1_240' title='bbox 478 3628 653 3696; x_wconf 86' lang='lat' dir='ltr'><strong>deliniendi</strong></span> <span class='ocrx_word' id='word_1_241' title='bbox 675 3635 776 3694; x_wconf 89' lang='lat' dir='ltr'><strong>artem</strong></span> <span class='ocrx_word' id='word_1_242' title='bbox 799 3628 921 3694; x_wconf 90' lang='lat' dir='ltr'><strong>includi</strong></span> <span class='ocrx_word' id='word_1_243' title='bbox 942 3629 1087 3714; x_wconf 90' lang='lat' dir='ltr'><strong>plerique</strong></span> <span class='ocrx_word' id='word_1_244' title='bbox 1103 3649 1213 3695; x_wconf 88' lang='lat' dir='ltr'><strong>omnes</strong></span> <span class='ocrx_word' id='word_1_245' title='bbox 1229 3628 1463 3713; x_wconf 82' lang='lat' dir='ltr'><strong>existimarunt,</strong></span> <span class='ocrx_word' id='word_1_246' title='bbox 1489 3627 1615 3712; x_wconf 91' lang='lat' dir='ltr'><strong>logicae</strong></span> 
     </span>
     <span class='ocr_line' id='line_1_26' title="bbox 266 3749 1614 3836; baseline -0.002 -20"><span class='ocrx_word' id='word_1_247' title='bbox 266 3751 396 3818; x_wconf 89' lang='lat' dir='ltr'><strong>nominc</strong></span> <span class='ocrx_word' id='word_1_248' title='bbox 417 3750 650 3836; x_wconf 90' lang='lat' dir='ltr'><strong>impertierunt.</strong></span> <span class='ocrx_word' id='word_1_249' title='bbox 696 3749 787 3829; x_wconf 85' lang='lat' dir='ltr'><strong>Quae</strong></span> <span class='ocrx_word' id='word_1_250' title='bbox 809 3749 874 3815; x_wconf 86' lang='lat' dir='ltr'><strong>ista</strong></span> <span class='ocrx_word' id='word_1_251' title='bbox 895 3749 1157 3836; x_wconf 91' lang='lat' dir='ltr'><strong>philosophorum</strong></span> <span class='ocrx_word' id='word_1_252' title='bbox 1178 3750 1267 3816; x_wconf 90' lang='lat' dir='ltr'><strong>natio</strong></span> <span class='ocrx_word' id='word_1_253' title='bbox 1290 3749 1396 3833; x_wconf 84' lang='lat' dir='ltr'><strong>suerit,</strong></span> <span class='ocrx_word' id='word_1_254' title='bbox 1422 3769 1485 3815; x_wconf 91' lang='lat' dir='ltr'><strong>nou</strong></span> <span class='ocrx_word' id='word_1_255' title='bbox 1507 3753 1614 3835; x_wconf 90' lang='lat' dir='ltr'><strong>potest</strong></span> 
     </span>
     <span class='ocr_line' id='line_1_27' title="bbox 267 3868 1613 3954; baseline -0.002 -17"><span class='ocrx_word' id='word_1_256' title='bbox 267 3872 333 3938; x_wconf 92' lang='lat' dir='ltr'><strong>illis</strong></span> <span class='ocrx_word' id='word_1_257' title='bbox 354 3873 608 3939; x_wconf 83' lang='lat' dir='ltr'><strong>Tusculanarum</strong></span> <span class='ocrx_word' id='word_1_258' title='bbox 638 3871 745 3937; x_wconf 84' lang='lat' dir='ltr'><strong>verbis</strong></span> <span class='ocrx_word' id='word_1_259' title='bbox 774 3870 867 3937; x_wconf 88' lang='lat' dir='ltr'><strong>lectis</strong></span> <span class='ocrx_word' id='word_1_260' title='bbox 895 3869 1044 3954; x_wconf 90' lang='lat' dir='ltr'><strong>cuiquam</strong></span> <span class='ocrx_word' id='word_1_261' title='bbox 1067 3870 1237 3936; x_wconf 91' lang='lat' dir='ltr'><strong>obscurum</strong></span> <span class='ocrx_word' id='word_1_262' title='bbox 1260 3891 1344 3936; x_wconf 89' lang='lat' dir='ltr'><strong>esse.</strong></span> <span class='ocrx_word' id='word_1_263' title='bbox 1390 3870 1475 3935; x_wconf 91' lang='lat' dir='ltr'><strong>Nam</strong></span> <span class='ocrx_word' id='word_1_264' title='bbox 1498 3868 1613 3935; x_wconf 86' lang='lat' dir='ltr'><strong>Stoicis</strong></span> 
     </span>
     <span class='ocr_line' id='line_1_28' title="bbox 267 3986 1606 4078; baseline -0.002 -20"><span class='ocrx_word' id='word_1_265' title='bbox 267 3994 522 4060; x_wconf 89' lang='lat' dir='ltr'><strong>commemoratis</strong></span> <span class='ocrx_word' id='word_1_266' title='bbox 551 3993 640 4058; x_wconf 91' lang='lat' dir='ltr'><strong>nullo</strong></span> <span class='ocrx_word' id='word_1_267' title='bbox 670 3993 768 4059; x_wconf 90' lang='lat' dir='ltr'><strong>verbo</strong></span> <span class='ocrx_word' id='word_1_268' title='bbox 797 3991 962 4058; x_wconf 89' lang='lat' dir='ltr'><strong>interiecto</strong></span> <span class='ocrx_word' id='word_1_269' title='bbox 984 3990 1134 4075; x_wconf 89' lang='lat' dir='ltr'><strong>adiungit</strong></span> <span class='ocrx_word' id='word_1_270' title='bbox 1159 3995 1261 4076; x_wconf 83' lang='lat' dir='ltr'><strong>‘quae</strong></span> <span class='ocrx_word' id='word_1_271' title='bbox 1284 3986 1391 4078; x_wconf 68' lang='grc' dir='ltr'>λογικά</span> <span class='ocrx_word' id='word_1_272' title='bbox 1413 3991 1606 4076; x_wconf 86' lang='lat' dir='ltr'><strong>appellant&#39;.</strong></span> 
     </span>
     <span class='ocr_line' id='line_1_29' title="bbox 267 4110 1614 4198; baseline -0.003 -17"><span class='ocrx_word' id='word_1_273' title='bbox 267 4114 358 4193; x_wconf 83' lang='lat' dir='ltr'><strong>Quae</strong></span> <span class='ocrx_word' id='word_1_274' title='bbox 388 4115 415 4180; x_wconf 90' lang='lat' dir='ltr'><strong>si</strong></span> <span class='ocrx_word' id='word_1_275' title='bbox 437 4113 578 4180; x_wconf 89' lang='lat' dir='ltr'><strong>nolueris</strong></span> <span class='ocrx_word' id='word_1_276' title='bbox 601 4113 642 4180; x_wconf 90' lang='lat' dir='ltr'><strong>de</strong></span> <span class='ocrx_word' id='word_1_277' title='bbox 665 4113 782 4179; x_wconf 87' lang='lat' dir='ltr'><strong>Stoicis</strong></span> <span class='ocrx_word' id='word_1_278' title='bbox 804 4113 1013 4196; x_wconf 87' lang='lat' dir='ltr'><strong>intellegere,</strong></span> <span class='ocrx_word' id='word_1_279' title='bbox 1044 4119 1101 4177; x_wconf 88' lang='lat' dir='ltr'><strong>aut</strong></span> <span class='ocrx_word' id='word_1_280' title='bbox 1123 4111 1164 4178; x_wconf 90' lang='lat' dir='ltr'><strong>de</strong></span> <span class='ocrx_word' id='word_1_281' title='bbox 1186 4112 1336 4178; x_wconf 88' lang='lat' dir='ltr'><strong>omuibus</strong></span> <span class='ocrx_word' id='word_1_282' title='bbox 1357 4110 1558 4198; x_wconf 87' lang='lat' dir='ltr'><strong>pbilosophis</strong></span> <span class='ocrx_word' id='word_1_283' title='bbox 1580 4111 1614 4177; x_wconf 91' lang='lat' dir='ltr'><strong>in</strong></span> 
     </span>
     <span class='ocr_line' id='line_1_30' title="bbox 266 4232 1609 4319; baseline -0.002 -18"><span class='ocrx_word' id='word_1_284' title='bbox 266 4235 451 4302; x_wconf 85' lang='lat' dir='ltr'><strong>uuiversum</strong></span> <span class='ocrx_word' id='word_1_285' title='bbox 474 4234 633 4318; x_wconf 87' lang='lat' dir='ltr'><strong>cogitabis</strong></span> <span class='ocrx_word' id='word_1_286' title='bbox 655 4242 712 4301; x_wconf 90' lang='lat' dir='ltr'><strong>aut</strong></span> <span class='ocrx_word' id='word_1_287' title='bbox 734 4234 774 4300; x_wconf 92' lang='lat' dir='ltr'><strong>de</strong></span> <span class='ocrx_word' id='word_1_288' title='bbox 797 4235 846 4300; x_wconf 91' lang='lat' dir='ltr'><strong>eis</strong></span> <span class='ocrx_word' id='word_1_289' title='bbox 868 4253 1000 4319; x_wconf 88' lang='lat' dir='ltr'><strong>quorum</strong></span> <span class='ocrx_word' id='word_1_290' title='bbox 1024 4233 1228 4319; x_wconf 87' lang='lat' dir='ltr'><strong>disciplinam</strong></span> <span class='ocrx_word' id='word_1_291' title='bbox 1244 4233 1357 4299; x_wconf 81' lang='lat' dir='ltr'><strong>Cicero</strong></span> <span class='ocrx_word' id='word_1_292' title='bbox 1379 4253 1456 4318; x_wconf 89' lang='lat' dir='ltr'><strong>prae</strong></span> <span class='ocrx_word' id='word_1_293' title='bbox 1479 4253 1515 4298; x_wconf 90' lang='lat' dir='ltr'><strong>se</strong></span> <span class='ocrx_word' id='word_1_294' title='bbox 1538 4232 1609 4315; x_wconf 87' lang='lat' dir='ltr'><strong>fert,</strong></span> 
     </span>
     <span class='ocr_line' id='line_1_31' title="bbox 267 4352 1613 4441; baseline -0.003 -19"><span class='ocrx_word' id='word_1_295' title='bbox 267 4357 352 4440; x_wconf 90' lang='lat' dir='ltr'><strong>quod</strong></span> <span class='ocrx_word' id='word_1_296' title='bbox 381 4364 550 4440; x_wconf 89' lang='lat' dir='ltr'><strong>utrumque</strong></span> <span class='ocrx_word' id='word_1_297' title='bbox 580 4364 645 4422; x_wconf 87' lang='lat' dir='ltr'><strong>tam</strong></span> <span class='ocrx_word' id='word_1_298' title='bbox 675 4363 786 4441; x_wconf 90' lang='lat' dir='ltr'><strong>aperte</strong></span> <span class='ocrx_word' id='word_1_299' title='bbox 816 4355 933 4420; x_wconf 84' lang='lat' dir='ltr'><strong>falsum</strong></span> <span class='ocrx_word' id='word_1_300' title='bbox 965 4361 1014 4421; x_wconf 88' lang='lat' dir='ltr'><strong>est</strong></span> <span class='ocrx_word' id='word_1_301' title='bbox 1041 4361 1077 4420; x_wconf 89' lang='lat' dir='ltr'><strong>ut</strong></span> <span class='ocrx_word' id='word_1_302' title='bbox 1104 4354 1283 4421; x_wconf 83' lang='lat' dir='ltr'><strong>refutandis</strong></span> <span class='ocrx_word' id='word_1_303' title='bbox 1313 4354 1362 4420; x_wconf 93' lang='lat' dir='ltr'><strong>eis</strong></span> <span class='ocrx_word' id='word_1_304' title='bbox 1384 4353 1538 4420; x_wconf 91' lang='lat' dir='ltr'><strong>molestus</strong></span> <span class='ocrx_word' id='word_1_305' title='bbox 1560 4352 1613 4418; x_wconf 83' lang='lat' dir='ltr'><strong>iu-</strong></span> 
     </span>
     <span class='ocr_line' id='line_1_32' title="bbox 265 4479 450 4545; baseline 0 -1"><span class='ocrx_word' id='word_1_306' title='bbox 265 4485 355 4545; x_wconf 87' lang='lat' dir='ltr'><strong>turus</strong></span> <span class='ocrx_word' id='word_1_307' title='bbox 378 4479 450 4545; x_wconf 92' lang='lat' dir='ltr'><strong>sim.</strong></span> 
     </span>
    </p>
   </div>
   <div class='ocr_carea' id='block_1_3' title="bbox 266 4751 1615 5175">
    <p class='ocr_par' dir='ltr' id='par_1_3' title="bbox 266 4751 1615 5175">
     <span class='ocr_line' id='line_1_33' title="bbox 355 4751 1612 4825; baseline -0.006 -12"><span class='ocrx_word' id='word_1_308' title='bbox 355 4759 371 4822; x_wconf 75' lang='lat'><strong>¹&gt;</strong></span> <span class='ocrx_word' id='word_1_309' title='bbox 394 4757 493 4813; x_wconf 85' lang='lat' dir='ltr'><strong>Liceat</strong></span> <span class='ocrx_word' id='word_1_310' title='bbox 511 4755 584 4811; x_wconf 86' lang='lat' dir='ltr'><strong>euim</strong></span> <span class='ocrx_word' id='word_1_311' title='bbox 603 4755 644 4810; x_wconf 89' lang='lat' dir='ltr'><strong>ita</strong></span> <span class='ocrx_word' id='word_1_312' title='bbox 662 4769 725 4810; x_wconf 91' lang='lat' dir='ltr'><strong>eum</strong></span> <span class='ocrx_word' id='word_1_313' title='bbox 743 4753 898 4820; x_wconf 87' lang='lat' dir='ltr'><strong>nominare,</strong></span> <span class='ocrx_word' id='word_1_314' title='bbox 926 4769 1093 4825; x_wconf 90' lang='lat' dir='ltr'><strong>quamquam</strong></span> <span class='ocrx_word' id='word_1_315' title='bbox 1111 4754 1238 4824; x_wconf 86' lang='lat' dir='ltr'><strong>plerique</strong></span> <span class='ocrx_word' id='word_1_316' title='bbox 1256 4753 1342 4808; x_wconf 87' lang='lat' dir='ltr'><strong>hodie</strong></span> <span class='ocrx_word' id='word_1_317' title='bbox 1361 4752 1450 4807; x_wconf 85' lang='lat' dir='ltr'><strong>solum</strong></span> <span class='ocrx_word' id='word_1_318' title='bbox 1469 4751 1612 4806; x_wconf 75' lang='lat' dir='ltr'><strong>Labrtimu</strong></span> 
     </span>
     <span class='ocr_line' id='line_1_34' title="bbox 267 4838 1614 4913; baseline -0.004 -14"><span class='ocrx_word' id='word_1_319' title='bbox 267 4843 423 4913; x_wconf 86' lang='lat' dir='ltr'><strong>Diogenem</strong></span> <span class='ocrx_word' id='word_1_320' title='bbox 441 4849 612 4912; x_wconf 87' lang='lat' dir='ltr'><strong>agnoscunt,</strong></span> <span class='ocrx_word' id='word_1_321' title='bbox 638 4842 753 4897; x_wconf 90' lang='lat' dir='ltr'><strong>nimium</strong></span> <span class='ocrx_word' id='word_1_322' title='bbox 778 4842 877 4911; x_wconf 91' lang='lat' dir='ltr'><strong>opinor</strong></span> <span class='ocrx_word' id='word_1_323' title='bbox 895 4841 1012 4895; x_wconf 72' lang='lat' dir='ltr'><strong>aliorsum</strong></span> <span class='ocrx_word' id='word_1_324' title='bbox 1032 4841 1252 4896; x_wconf 89' lang='lat' dir='ltr'><strong>auctoritatibus</strong></span> <span class='ocrx_word' id='word_1_325' title='bbox 1271 4838 1336 4894; x_wconf 83' lang='lat' dir='ltr'><strong>freti</strong></span> <span class='ocrx_word' id='word_1_326' title='bbox 1355 4854 1437 4908; x_wconf 89' lang='lat' dir='ltr'><strong>quam</strong></span> <span class='ocrx_word' id='word_1_327' title='bbox 1456 4838 1614 4893; x_wconf 89' lang='lat' dir='ltr'><strong>rationibus</strong></span> 
     </span>
     <span class='ocr_line' id='line_1_35' title="bbox 267 4925 1614 5001; baseline -0.007 -14"><span class='ocrx_word' id='word_1_328' title='bbox 267 4948 337 5001; x_wconf 90' lang='lat' dir='ltr'><strong>quas</strong></span> <span class='ocrx_word' id='word_1_329' title='bbox 355 4931 427 4986; x_wconf 90' lang='lat' dir='ltr'><strong>bene</strong></span> <span class='ocrx_word' id='word_1_330' title='bbox 444 4937 608 5001; x_wconf 88' lang='lat' dir='ltr'><strong>perspectas</strong></span> <span class='ocrx_word' id='word_1_331' title='bbox 626 4928 757 4983; x_wconf 87' lang='lat' dir='ltr'><strong>babeant.</strong></span> <span class='ocrx_word' id='word_1_332' title='bbox 789 4928 856 4982; x_wconf 89' lang='lat' dir='ltr'><strong>Alia</strong></span> <span class='ocrx_word' id='word_1_333' title='bbox 874 4928 948 4982; x_wconf 87' lang='lat' dir='ltr'><strong>enim</strong></span> <span class='ocrx_word' id='word_1_334' title='bbox 967 4944 1012 4982; x_wconf 90' lang='lat' dir='ltr'><strong>res</strong></span> <span class='ocrx_word' id='word_1_335' title='bbox 1031 4934 1075 4982; x_wconf 88' lang='lat' dir='ltr'><strong>eet</strong></span> <span class='ocrx_word' id='word_1_336' title='bbox 1092 4929 1122 4982; x_wconf 90' lang='lat' dir='ltr'><strong>in</strong></span> <span class='ocrx_word' id='word_1_337' title='bbox 1140 4927 1240 4982; x_wconf 84' lang='lat' dir='ltr'><strong>Cassio</strong></span> <span class='ocrx_word' id='word_1_338' title='bbox 1259 4928 1360 4981; x_wconf 90' lang='lat' dir='ltr'><strong>Dione.</strong></span> <span class='ocrx_word' id='word_1_339' title='bbox 1392 4925 1491 4994; x_wconf 84' lang='lat' dir='ltr'><strong>Neque</strong></span> <span class='ocrx_word' id='word_1_340' title='bbox 1509 4925 1534 4979; x_wconf 91' lang='lat' dir='ltr'><strong>is</strong></span> <span class='ocrx_word' id='word_1_341' title='bbox 1552 4941 1614 4980; x_wconf 87' lang='lat' dir='ltr'><strong>sum</strong></span> 
     </span>
     <span class='ocr_line' id='line_1_36' title="bbox 268 5012 1615 5090; baseline -0.006 -16"><span class='ocrx_word' id='word_1_342' title='bbox 268 5021 316 5090; x_wconf 89' lang='lat' dir='ltr'><strong>qui</strong></span> <span class='ocrx_word' id='word_1_343' title='bbox 335 5020 491 5087; x_wconf 84' lang='lat' dir='ltr'><strong>Diogenem</strong></span> <span class='ocrx_word' id='word_1_344' title='bbox 509 5017 653 5072; x_wconf 76' lang='lat' dir='ltr'><strong>Laiirtiuin</strong></span> <span class='ocrx_word' id='word_1_345' title='bbox 671 5031 768 5071; x_wconf 78' lang='lat' dir='ltr'><strong>versum</strong></span> <span class='ocrx_word' id='word_1_346' title='bbox 786 5031 886 5068; x_wconf 89' lang='lat' dir='ltr'><strong>nomen</strong></span> <span class='ocrx_word' id='word_1_347' title='bbox 904 5015 1032 5078; x_wconf 86' lang='lat' dir='ltr'><strong>credam,</strong></span> <span class='ocrx_word' id='word_1_348' title='bbox 1059 5015 1110 5068; x_wconf 90' lang='lat' dir='ltr'><strong>sed</strong></span> <span class='ocrx_word' id='word_1_349' title='bbox 1134 5030 1192 5068; x_wconf 89' lang='lat' dir='ltr'><strong>rem</strong></span> <span class='ocrx_word' id='word_1_350' title='bbox 1217 5015 1245 5068; x_wconf 91' lang='lat' dir='ltr'><strong>in</strong></span> <span class='ocrx_word' id='word_1_351' title='bbox 1263 5014 1357 5068; x_wconf 91' lang='lat' dir='ltr'><strong>medio</strong></span> <span class='ocrx_word' id='word_1_352' title='bbox 1375 5012 1501 5081; x_wconf 91' lang='lat' dir='ltr'><strong>relinquo</strong></span> <span class='ocrx_word' id='word_1_353' title='bbox 1520 5028 1615 5082; x_wconf 91' lang='lat' dir='ltr'><strong>quem-</strong></span> 
     </span>
     <span class='ocr_line' id='line_1_37' title="bbox 266 5099 1156 5175; baseline -0.006 -14"><span class='ocrx_word' id='word_1_354' title='bbox 266 5107 418 5161; x_wconf 88' lang='lat' dir='ltr'><strong>admodum</strong></span> <span class='ocrx_word' id='word_1_355' title='bbox 436 5106 545 5175; x_wconf 83' lang='lat' dir='ltr'><strong>priores</strong></span> <span class='ocrx_word' id='word_1_356' title='bbox 564 5105 711 5173; x_wconf 88' lang='lat' dir='ltr'><strong>eidemque</strong></span> <span class='ocrx_word' id='word_1_357' title='bbox 729 5103 871 5157; x_wconf 90' lang='lat' dir='ltr'><strong>cautiores</strong></span> <span class='ocrx_word' id='word_1_358' title='bbox 890 5102 999 5158; x_wconf 90' lang='lat' dir='ltr'><strong>iudices</strong></span> <span class='ocrx_word' id='word_1_359' title='bbox 1018 5099 1156 5156; x_wconf 83' lang='lat' dir='ltr'><strong>lecerunt.</strong></span> 
     </span>
    </p>
   </div>
   <div class='ocr_carea' id='block_1_4' title="bbox 1367 5205 1405 5254">
    <p class='ocr_par' dir='ltr' id='par_1_4' title="bbox 1367 5205 1405 5254">
     <span class='ocr_line' id='line_1_38' title="bbox 1367 5205 1405 5254; baseline 0 -21"><span class='ocrx_word' id='word_1_360' title='bbox 1367 5205 1405 5254; x_wconf 59' lang='lat' dir='ltr'><strong>5ss</strong></span> 
     </span>
    </p>
   </div>
   <div class='ocr_carea' id='block_1_5' title="bbox 0 0 2108 6244">
    <p class='ocr_par' dir='ltr' id='par_1_5' title="bbox 0 0 2108 6244">
     <span class='ocr_line' id='line_1_39' title="bbox 0 0 2108 6244; baseline 0 0"><span class='ocrx_word' id='word_1_361' title='bbox 0 0 2108 6244; x_wconf 95' lang='lat' dir='ltr'><strong> </strong></span> 
     </span>
    </p>
   </div>
  </div>
 </body>
</html>
