4118 6240
416 645 476 709 124
1004 641 1037 696 F.
1056 639 1174 698 BLASS

415 854 488 915 eos,
525 832 580 915 qui
611 839 740 917 propter
770 834 851 900 istas
885 832 1060 917 scripturas
1089 831 1248 898 Gallicum
1282 852 1392 898 sonum
1428 832 1554 898 litterae
1583 858 1598 897 ν
1631 831 1763 916 linguae

415 954 559 1020 Graecae
574 953 749 1037 affingunt:
775 954 830 1036 qui
853 953 980 1020 omnino
1002 975 1066 1020 non
1089 952 1242 1020 audiendi
1257 960 1348 1035 sunt,
1374 952 1436 1018 nisi
1452 953 1617 1036 aliquanto
1632 953 1763 1019 fortiora

413 1081 603 1160 argumenta
624 1075 800 1142 attulerint.

331 1195 348 1280 ξ
372 1199 391 1259 4
500 1196 609 1262 Redeo
632 1197 675 1262 ad
697 1197 823 1262 titulum
845 1196 1047 1262 Pharsaliam
1077 1195 1268 1280 nominaque
1291 1195 1430 1262 virorum
1452 1195 1486 1260 in
1509 1215 1548 1261 eo
1569 1195 1757 1280 perscripta,

414 1339 432 1385 e
466 1317 581 1401 quibus
615 1339 697 1384 unus
735 1299 916 1403 appellatur
953 1317 976 1381 Γ
977 1318 1091 1390 εννοιῖος
1132 1312 1334 1404 Θεορδότειυς.
1396 1312 1560 1403 Θεόρδοτος
1600 1338 1674 1386 esse
1704 1339 1761 1403 pro

332 1447 336 1453 '
414 1435 594 1524 Θεόυδυτυς,
624 1440 816 1506 rhotacismo
839 1439 873 1504 in
895 1438 957 1505 hac
978 1438 1107 1522 quidem
1129 1437 1267 1504 dialecto
1289 1458 1419 1523 prorsus
1440 1439 1611 1524 singulari,
1641 1439 1761 1505 dudum

414 1568 615 1647 perspectum
638 1567 703 1640 est;
729 1560 837 1645 itaque
860 1561 920 1627 hoc
942 1559 1037 1643 addo,
1062 1559 1149 1626 idem
1173 1581 1287 1626 nomen
1309 1561 1410 1626 latere
1433 1560 1466 1625 in
1488 1560 1580 1627 titulo
1596 1561 1761 1627 Lealriano

414 1704 462 1747 ur.
487 1686 549 1746 219
572 1702 604 1747 v.
629 1685 666 1746 9:
708 1681 1036 1763 ΟΡΟΡΔΟΤΤΟ,
1070 1681 1156 1765 quod
1177 1678 1574 1766 ΘΕΟΣΔΟΤΕΙΟ[Σ]
1601 1701 1674 1748 esse
1696 1683 1761 1748 iam

415 1805 456 1869 H.
481 1805 517 1868 L.
541 1803 666 1870 Abrens
693 1803 744 1886 (D.
763 1803 803 1867 D.
823 1805 895 1886 531)
924 1802 1015 1885 dixit,
1041 1801 1217 1869 rectissime
1239 1802 1303 1869 nisi
1325 1803 1409 1887 quod
1431 1802 1567 1868 alterum
1593 1804 1615 1866 Ρ
1638 1809 1761 1869 mutare

415 1947 479 1992 nou
513 1924 663 1991 debebat.
709 1924 742 1990 Is
775 1923 887 1989 titulus
917 1923 1181 2009 Metropolitanus
1211 1930 1271 1990 est.
1317 1923 1412 2009 Apud
1441 1925 1578 1990 Boeotos
1613 1924 1762 1991 scribitur

415 2042 554 2128 Θιοζὸτα,
580 2045 717 2128 Θέζοτος,
743 2041 909 2127 Θεοζότιος,
936 2040 1101 2141 Θεόοζοτος
1129 2045 1278 2128 (Tanagr.
1302 2040 1401 2111 illia
1423 2046 1482 2127 Ill,
1505 2049 1576 2110 171.
1601 2046 1657 2129 lv,
1684 2049 1758 2112 213.

415 2172 495 2248 2983
522 2168 624 2234 Theb.
643 2167 681 2234 O.
699 2168 725 2232 Ι.
748 2170 828 2231 1578
844 2168 944 2251 rell.);
973 2166 1120 2232 similiter
1135 2166 1232 2232 etiam
1248 2161 1388 2239 Διὸζοτος
1408 2167 1495 2252 (Oop.
1509 2162 1612 2253 Ἀθήν.
1630 2167 1656 2249 1,
1676 2172 1756 2243 501;

415 2289 517 2355 Theb.
544 2289 664 2353 Butler.
690 2290 728 2352 de
750 2310 887 2371 corresp.
913 2287 988 2352 loll.
1013 2289 1080 2369 Ill,
1109 2291 1195 2370 140).
1242 2287 1382 2353 Atticum
1413 2307 1539 2371 quoque
1568 2295 1618 2353 est
1647 2287 1761 2360 Θεοζο-

416 2412 514 2497 τίδης,
548 2410 633 2494 quod
663 2429 703 2475 ex
732 2409 862 2494 optimis
893 2409 984 2474 libris
1012 2429 1033 2473 a
1055 2409 1104 2473 Tu
1131 2407 1310 2473 restitutum
1333 2414 1383 2473 est
1405 2408 1493 2493 apud
1514 2409 1681 2475 Demostb.
1707 2413 1758 2492 21,

416 2538 475 2613 593
502 2532 583 2598 Plat.
608 2531 703 2616 Apol.
729 2531 805 2596 33ss
834 2531 899 2614 (illo
921 2531 990 2595 loco
1014 2529 1037 2593 Σ
1060 2550 1108 2614 pr.
1134 2549 1178 2592 m.
1203 2528 1411 2614 Θεοσξυτίδης,
1442 2529 1500 2595 scd
1522 2530 1635 2596 eadem
1658 2551 1757 2609 eorr.;

415 2655 503 2738 vulg.
541 2653 770 2738 Θευυδυτίδης)ς
811 2658 939 2718 exstare
973 2650 1110 2716 docuisti
1142 2649 1239 2716 etiam
1272 2649 1306 2714 in
1339 2649 1545 2734 inscriptione
1578 2650 1685 2738 Attica
1722 2651 1760 2718 O.

415 2777 441 2841 I.
467 2776 522 2841 Gr.
549 2777 565 2840 1
594 2797 625 2860 p.
652 2778 726 2839 307.
784 2772 948 2857 Originem
981 2770 1074 2837 istius
1108 2774 1124 2842 ζ
1156 2771 1220 2836 iam
1253 2771 1410 2836 Antonius
1444 2770 1565 2837 derer
1603 2771 1652 2856 (de
1682 2773 1760 2838 dial.

416 2898 527 2962 Boeol.
553 2917 586 2981 p.
608 2901 646 2960 15
665 2896 724 2978 sq.)
752 2900 838 2961 recte
861 2893 1050 2980 explicavit:
1077 2913 1193 2978 nempe
1216 2887 1379 2964 Θεόυδυτος
1402 2891 1508 2958 fuerat
1530 2899 1562 2958 et
1584 2889 1743 2967 basiatore<
1751 2921 1760 2972 ;

416 3018 576 3084 clementa
608 3018 643 3081 οδ
676 3015 813 3081 conflata
845 3022 920 3081 sunt
948 3015 981 3081 in
1011 3019 1037 3087 ζ.
1091 3014 1254 3080 Interdum
1283 3020 1390 3080 autem
1413 3016 1524 3082 Boeoti
1553 3015 1613 3081 boc
1643 3041 1660 3079 0
1689 3022 1763 3081 ante

416 3142 433 3203 δ
463 3137 496 3203 in
519 3137 662 3204 vocalem
692 3145 817 3203 mutare
848 3137 1047 3202 maluerunt:
1078 3135 1124 3200 ita
1146 3134 1297 3209 Διυίδυτυς
1326 3136 1378 3202 vel
1408 3137 1583 3202 mutatione
1612 3135 1764 3201 Boeotica

417 3255 557 3332 Διόδοτος
593 3258 712 3342 legitur
747 3257 780 3322 in
816 3257 919 3324 titulis
954 3257 1093 3343 Hyettiis
1133 3258 1232 3339 (Ball.
1264 3259 1303 3321 de
1330 3280 1466 3341 corresp.
1496 3257 1571 3322 bell.
1603 3258 1652 3338 ΙΙ,
1686 3262 1760 3322 500.

417 3384 506 3463 498).
552 3380 723 3445 Praeterea
751 3380 874 3445 nullum
901 3385 951 3444 est
978 3378 1067 3464 apud
1095 3398 1150 3445 eos
1179 3381 1195 3450 ζ
1227 3385 1312 3457 (nam
1342 3374 1483 3465 Ζώπυρος
1511 3384 1544 3445 et
1572 3377 1698 3464 Zoalpa
1728 3379 1760 3444 in

417 3501 518 3568 titulis
540 3501 739 3585 Tana-gracia
769 3500 947 3566 recentiora
977 3504 1064 3581 sunt,
1099 3495 1259 3572 Βυζάντιοι
1277 3497 1426 3572 Ἀλυζαῖοι
1448 3498 1648 3585 peregrina);
1683 3501 1762 3566 scri-

417 3623 496 3688 bunt
518 3617 592 3696 Δεύς
621 3622 773 3710 ψαφίδδω.
820 3623 869 3686 Ea
895 3620 1071 3705 antiquitus
1100 3620 1201 3687 fuisse
1224 3616 1331 3705 djak,
1362 3621 1498 3708 qaplbjo
1528 3641 1599 3687 cum
1622 3621 1697 3687 aliis
1720 3621 1760 3686 G.

417 3744 545 3811 Curtius
572 3743 681 3825 docet;
715 3743 743 3828 aj
773 3743 928 3809 transisse
956 3742 990 3806 in
1012 3743 1065 3823 ds,
1097 3741 1173 3808 indc
1196 3744 1212 3813 ζ
1234 3740 1385 3821 fluxisse;
1420 3741 1478 3808 sed
1506 3748 1610 3808 utrum
1632 3742 1668 3808 id
1690 3763 1762 3808 curn

417 3865 523 3951 ipsum
539 3885 652 3932 sonum
676 3864 906 3956 drysignilicet²
933 3863 1016 3930 siout
1037 3862 1093 3928 ille
1116 3862 1202 3946 dicit,
1225 3885 1268 3928 an
1290 3865 1329 3927 sd
1345 3863 1464 3948 potius,
1491 3863 1524 3929 id
1539 3883 1615 3929 vero
1630 3884 1764 3947 magno

417 4007 493 4072 pere
509 3986 628 4071 ambigi
643 3993 749 4072 potest
761 3990 795 4072 ¹).
836 3985 941 4068 Atque
963 3984 1112 4069 equidem
1135 3983 1221 4050 haud
1243 3984 1328 4065 scio,
1354 4005 1396 4050 an
1419 4005 1531 4069 parum
1554 3991 1641 4050 recte
1655 4006 1764 4069 gram-

506 4230 523 4293 ¹)
545 4229 734 4284 Doctissimus
746 4229 790 4284 vir
802 4227 891 4283 Italus
903 4228 937 4284 G.
950 4226 973 4282 1.
988 4220 1087 4282 Ascoli
1099 4233 1228 4282 neutrum
1248 4243 1346 4282 sonum
1365 4243 1462 4283 verum
1487 4232 1578 4297 putat,
1599 4228 1764 4298 simpliciori

419 4317 531 4371 cuidam
548 4317 574 4368 ἐτ’
592 4316 794 4385 patrocinatur.
826 4315 937 4370 Nollem
954 4330 1017 4369 eum
1037 4314 1167 4385 Dionysii
1186 4314 1445 4369 Halicarnassensis
1463 4314 1555 4368 locum
1576 4317 1611 4383 (p.
1628 4317 1670 4375 82]
1691 4316 1763 4370 male

419 4404 630 4472 interpretando
654 4402 818 4456 detorsisse.
857 4402 981 4456 Disertis
1003 4401 1100 4456 verbis
1119 4401 1275 4471 Dionysius
1294 4401 1307 4462 ζ
1326 4417 1360 4455 ox
1380 4418 1394 4452 ο
1412 4406 1440 4455 ct
1459 4399 1472 4451 ὃ
1497 4402 1682 4470 compositum
1701 4418 1763 4457 esse

420 4492 533 4545 dixerat
547 4493 583 4559 (p.
594 4491 651 4552 ῑ8);
672 4505 745 4558 quae
757 4494 851 4543 autem
864 4489 968 4543 deinde
981 4489 1053 4543 dicit
1064 4506 1091 4558 p.
1107 4490 1154 4541 82:
1175 4493 1250 4541 τοῦτο
1269 4487 1297 4540 δὲ
1320 4488 1356 4553 (τὸ
1369 4487 1389 4552 ζ]
1411 4486 1500 4561 ἡσυχῇ
1516 4488 1554 4559 τῷ
1576 4486 1700 4556 πνεύματι
1718 4489 1764 4540 δυ-

420 4575 520 4629 abacta
537 4576 581 4628 καὶ
599 4575 651 4628 ἔστι
668 4583 719 4628 τῶν
738 4574 868 4645 ὁμογενῶν
887 4575 1071 4646 γενναιότατον,
1098 4575 1168 4628 nihil
1186 4575 1293 4630 habent
1315 4574 1392 4643 quod
1410 4589 1473 4629 oum
1490 4574 1631 4644 prioribus
1646 4581 1762 4644 pugnet.

420 4661 539 4732 Aliquid
557 4662 737 4731 aspirationis
755 4662 848 4715 inesse
866 4660 1003 4716 affirmat:
1031 4677 1130 4731 nempe
1149 4661 1162 4713 δ
1181 4662 1278 4716 littera
1297 4667 1342 4717 est
1359 4662 1469 4725 media,
1488 4677 1543 4715 non
1561 4659 1640 4731 ψιλή;
1668 4662 1765 4731 itaque

420 4750 434 4810 ζ
452 4749 601 4803 iucundius
619 4764 682 4803 osse
701 4764 783 4817 quam
802 4748 814 4810 ξ
832 4753 862 4802 et
880 4749 908 4818 ψ,
929 4763 1000 4818 quae
1018 4749 1191 4818 aspiratione
1209 4764 1323 4819 prorsus
1342 4754 1454 4812 carent3
1475 4748 1587 4803 omnino
1605 4748 1678 4802 onim
1696 4749 1767 4803 Dio

419 4836 502 4906 nysio
520 4835 662 4905 aspiratae
680 4835 900 4890 iucundissimae
920 4841 992 4896 sunt,
1014 4836 1127 4890 minime
1145 4836 1284 4891 iucundae
1297 4842 1399 4891 tenues
1414 4841 1450 4906 lp.
1466 4835 1519 4898 85).
1552 4831 1671 4894 Γεννυῖος
1689 4834 1765 4889 idem

420 4928 465 4978 est
483 4923 559 4993 quod
578 4921 697 4994 εὐγενήςς
725 4923 766 4976 ita
784 4921 821 4976 de
840 4921 943 4976 choreo
962 4922 1033 4978 dicit
1050 4923 1142 4978 Dion.
1156 4940 1183 4992 p.
1200 4925 1261 4976 llll:
1282 4922 1400 4981 ταπεινός
1417 4941 1445 4975 τε
1464 4922 1507 4976 καὶ
1525 4921 1634 4992 ἄσεμνός
1652 4921 1704 4974 ἐστι
1721 4923 1766 4975 aad

421 5009 556 5081 ἀγενής,
576 5009 620 5063 aui
638 5009 712 5062 οὐδὲν
731 5008 761 5062 ἂν
780 5008 806 5071 ἐξ
824 5008 902 5062 αὑτοῦ
920 5008 1017 5081 γένοιτο
1036 5015 1199 5081 γενναῖον.
1241 5010 1284 5075 Ν.
1305 5008 1404 5065 Aseoli
1423 5026 1451 5078 p.
1466 5012 1515 5061 365
1524 5026 1566 5079 sq.
1587 5009 1763 5078 interpretat.

420 5098 566 5163 german).
