4206 6248
467 663 507 726 78
811 661 846 715 R.
866 659 1005 715 nluznn
1022 659 1073 714 DE
1092 658 1233 716 nomon
1251 657 1469 715 STOICORUM

466 844 548 918 alios
571 871 703 936 quorum
725 858 834 917 tamen
857 851 987 916 nomina
1009 850 1145 917 silentur
1154 853 1187 936 ¹).
1236 850 1399 934 Diogenes
1422 850 1507 916 enim
1530 849 1548 934 ᾗ
1569 853 1611 913 40
1642 849 1748 914 remis
1778 849 1818 914 de

466 973 636 1058 partitione
659 971 882 1057 philosophiae
908 971 1003 1037 factis
1025 971 1107 1038 baec
1128 971 1239 1038 addit:
1278 969 1329 1036 καὶ
1352 967 1442 1038 οὐθὲν
1466 969 1499 1036 δὲ
1523 972 1613 1058 μέρος
1636 974 1688 1036 τοῦ
1712 971 1816 1058 ἑτέρου

466 1090 692 1182 ἀποκεκρίσθαι,
719 1087 803 1158 καθά
824 1118 901 1166 τινες
924 1089 1019 1158 αὐτῶν
1043 1118 1145 1180 φασιν,
1171 1089 1250 1158 ἀλλὰ
1274 1092 1421 1180 μεμίχθαι
1446 1087 1535 1158 αὐτά·
1567 1091 1617 1157 καὶ
1640 1089 1693 1177 τὴν
1715 1087 1817 1180 παρά-

467 1218 549 1280 δοσιν
580 1210 686 1300 μικτὴν
713 1213 843 1279 ἐποίουν.
897 1213 1045 1299 Amplius
1074 1214 1156 1279 haec
1185 1233 1248 1278 non
1278 1233 1382 1279 moror
1407 1213 1468 1278 etsi
1498 1213 1600 1279 libere
1629 1213 1733 1279 fateor
1753 1234 1816 1278 non

467 1335 576 1402 omnia
597 1355 648 1401 me
670 1335 864 1421 perspicere,
890 1335 958 1401 sive
981 1337 1081 1402 verba
1101 1335 1175 1421 ipsa
1196 1354 1254 1420 per
1276 1354 1311 1401 se
1333 1334 1402 1400 sive
1424 1334 1570 1420 proxima
1592 1341 1713 1420 specto.

555 1455 607 1522 Ad
635 1455 731 1522 finem
752 1456 818 1521 iam
841 1476 988 1542 propero.
1035 1457 1077 1522 Et
1104 1476 1317 1540 quamquam,
1354 1456 1551 1521 Hnannuun
1575 1455 1722 1540 Sumen,
1756 1477 1818 1522 non

469 1596 583 1644 vereor
603 1597 644 1642 ne
667 1576 781 1643 eodem
803 1584 838 1642 tu
860 1577 935 1643 odio
957 1576 1114 1644 adversus
1137 1576 1261 1643 Stoicos
1283 1577 1419 1643 affectus
1442 1576 1487 1642 sis
1509 1597 1572 1661 quo
1595 1575 1690 1642 hodie
1713 1578 1816 1661 multi,

468 1698 523 1781 qui
545 1697 718 1784 Epicurum
742 1697 874 1782 eiusque
897 1697 1072 1784 discipulos
1094 1697 1282 1784 importunis
1304 1697 1456 1763 laudibus
1477 1698 1521 1763 ad
1543 1699 1667 1764 caelum
1689 1699 1816 1783 tollunt,

468 1827 577 1886 tamen
608 1819 744 1885 fortasse
757 1811 760 1818 ’
774 1819 895 1885 diutius
925 1839 1021 1903 quam
1050 1840 1110 1905 par
1138 1818 1200 1884 fuit
1227 1817 1349 1885 talibus
1379 1817 1522 1885 minutiis
1544 1825 1577 1885 te
1600 1817 1733 1886 detinui.
1781 1822 1819 1886 ln

470 1960 551 2026 quas
579 1940 649 2026 ipse
679 1939 758 2005 mihi
789 1960 867 2006 casu
897 1938 1051 2006 incidisse
1079 1939 1225 2005 videbar.
1278 1939 1372 2005 Nunc
1401 1939 1530 2006 demum
1559 1947 1694 2026 apparet
1722 1962 1817 2025 quam

469 2060 620 2149 prudenti
642 2060 677 2127 id
699 2060 819 2127 factum
842 2061 885 2127 sit
907 2060 1052 2126 oonsilio.
1092 2061 1175 2126 Nam
1199 2081 1282 2143 quae
1306 2060 1346 2127 de
1368 2067 1436 2126 arte
1452 2060 1558 2143 logica
1573 2061 1706 2144 eiusque
1722 2083 1818 2146 quam

471 2183 586 2250 ceteris
609 2181 790 2268 disciplinis
812 2182 907 2247 affert
928 2181 1068 2247 utilitate
1091 2180 1272 2266 disputavi,
1306 2202 1346 2247 ea
1376 2181 1483 2246 animo
1505 2180 1586 2247 mihi
1607 2203 1692 2248 nunc
1714 2184 1821 2249 revol-

472 2304 560 2371 venti
581 2325 645 2369 non
667 2309 773 2389 potest
795 2302 913 2368 nonin
935 2308 1074 2368 mentem
1097 2302 1209 2368 venire
1231 2301 1301 2367 eius
1323 2301 1450 2368 virtutis
1466 2309 1579 2387 quatu
1594 2323 1693 2389 prope
1709 2303 1823 2389 singu-

471 2426 532 2492 lari
554 2424 669 2492 ceteris
688 2423 869 2490 antecellis.
906 2423 972 2489 Alii
995 2423 1079 2489 enim
1101 2422 1259 2509 philologi
1282 2442 1353 2488 cum
1376 2443 1575 2507 quocumque
1596 2424 1730 2490 inclinet
1751 2426 1823 2491 ani-

471 2567 543 2613 mus
565 2547 619 2612 vel
648 2545 813 2629 ingenium
843 2564 882 2610 eo
910 2544 1103 2630 praecipites
1133 2545 1276 2610 ferantur
1303 2563 1408 2627 neque
1437 2543 1610 2610 discrimen
1632 2545 1737 2612 norint
1759 2567 1821 2631 quo

472 2669 505 2734 in
535 2668 586 2733 his
615 2686 740 2752 quoque
770 2664 888 2732 litteris
916 2685 1000 2748 quae
1029 2664 1098 2731 lieri
1126 2671 1261 2750 possunt
1289 2685 1374 2748 quae
1404 2665 1470 2731 veri
1501 2665 1621 2731 similia
1642 2672 1717 2732 sunt
1739 2687 1821 2752 quae

472 2797 560 2857 certa
581 2787 720 2870 denique
743 2785 1001 2869 distinguuntur,
1035 2785 1241 2852 severissima
1271 2792 1305 2851 tu
1333 2785 1505 2871 disciplina
1527 2786 1727 2853 coniectandi
1748 2788 1824 2853 libi·

435 2992 437 2998 .
474 2911 582 2978 dinem
611 2928 737 2974 omnem
766 2914 894 2974 coerces
917 2915 949 2973 et
974 2906 1115 2972 studium
1137 2906 1205 2972 reri
1229 2927 1324 2990 quum
1348 2906 1599 2973 fervidissimum
1622 2908 1711 2974 sanis
1732 2909 1823 2992 cogi-

472 3030 562 3098 tandi
592 3028 719 3114 legibus
748 3026 944 3112 adstringis,
977 3027 1024 3092 ita
1051 3033 1087 3092 ut
1115 3027 1142 3091 si
1172 3026 1300 3093 illorum
1326 3027 1504 3114 philologia
1532 3029 1621 3114 polisi
1643 3028 1712 3095 iure
1735 3049 1823 3095 com-

473 3158 603 3239 paretur
624 3156 681 3215 tua
702 3149 745 3215 ad
767 3148 1015 3215 mathematicae
1038 3148 1227 3232 dignitatern
1249 3147 1402 3233 adspiret.
1448 3148 1507 3214 llis
1529 3158 1708 3233 congruunt
1728 3171 1824 3235 prae-

473 3281 568 3360 cepta
589 3272 706 3356 quibus
732 3270 909 3356 discipulos
938 3276 1009 3335 tuos
1039 3268 1192 3334 instituis.
1238 3269 1427 3352 Interquos
1449 3269 1572 3355 etipse
1595 3290 1647 3337 me
1669 3269 1712 3336 ad
1733 3277 1821 3337 tuum
1879 3277 1882 3282 ’

474 3394 658 3480 exemplum
686 3392 824 3458 formare
852 3390 956 3456 volui:
997 3389 1052 3474 qui
1074 3395 1228 3474 quantum
1251 3397 1440 3456 consecutus
1462 3390 1522 3455 sim
1552 3411 1646 3458 omne
1668 3412 1769 3477 penes
1790 3400 1822 3458 te

473 3515 627 3583 iudicium
660 3520 746 3594 esto;
783 3513 868 3578 laeto
900 3518 1008 3576 tamen
1038 3517 1071 3577 et
1098 3517 1189 3595 grato
1218 3510 1324 3576 animo
1354 3530 1482 3596 semper
1510 3510 1682 3597 profitebor
1708 3513 1741 3578 in
1772 3513 1822 3583 his

473 3636 589 3703 litteris
611 3634 640 3701 si
662 3633 740 3719 quid
762 3633 856 3699 valeo
877 3632 911 3698 id
933 3638 1032 3698 totum
1054 3638 1144 3697 tuum
1167 3651 1251 3698 esse.

563 3897 581 3960 ¹1
601 3894 678 3949 luter
695 3910 760 3958 eos,
783 3894 830 3963 qui
850 3893 975 3960 singulas
994 3890 1190 3962 philosophiae
1209 3896 1306 3960 partes
1324 3891 1465 3946 artissime
1484 3890 1635 3947 cohaerere
1654 3908 1743 3962 neque
1762 3893 1822 3947 dis-

476 3983 554 4052 iungi
577 3997 660 4052 posse
684 3981 932 4044 existimaverunt,
959 3978 1139 4033 Posidonium
1164 3976 1252 4032 larissa
1270 3979 1358 4034 Sexto
1376 3978 1518 4048 Empirieo
1543 3981 1690 4035 credamus
1708 3986 1822 4049 oportet

477 4070 542 4128 adv.
563 4070 688 4136 dogmat.
709 4067 722 4120 l
744 4069 784 4119 19.
