4118 6240
558 1810 945 1911 MlSllllLLllNllA
978 1813 1348 1911 urluuurfflul

882 2040 1020 2081 scsslrsrr

734 2179 1011 2249 rmusulsus
1034 2180 1174 2249 Busss

365 2515 458 2581 Diem
482 2516 597 2580 festum
620 2515 781 2597 agitatum
803 2515 891 2595 Tim,
917 2521 1104 2598 praeceptor
1127 2533 1250 2579 summe
1273 2513 1471 2591 venerande,
1499 2532 1571 2577 cum
1594 2518 1626 2576 ct

278 2638 348 2720 ipsc
370 2636 494 2718 aliquid
517 2636 629 2701 offerre
652 2655 692 2700 ex
715 2633 829 2699 studiis
852 2634 967 2699 nostris
989 2635 1121 2718 petitum
1145 2634 1349 2700 veliementer
1371 2653 1535 2718 cuperem,
1563 2654 1625 2696 uon

278 2755 482 2822 iniucundum
507 2756 673 2822 materiem
696 2756 850 2840 praebere
874 2753 951 2819 mibi
974 2755 1044 2819 visa
1067 2762 1117 2818 est
1140 2775 1179 2820 ea
1196 2755 1377 2840 disciplina,
1404 2777 1468 2838 qua
1483 2775 1545 2819 non
1560 2754 1627 2818 alia

279 2879 380 2962 magis
410 2877 501 2943 novis
531 2877 565 2942 in
594 2876 664 2942 dies
688 2871 892 2943 incrementis
916 2897 1000 2941 nuuc
1022 2881 1174 2959 augetur,
1209 2876 1512 2961 epigraphicen
1540 2873 1622 2939 dico.

278 3001 314 3063 ln
345 3020 408 3082 qua
439 2999 513 3064 licet
542 2998 634 3063 multi
665 2997 805 3063 studium
833 3005 929 3080 atque
959 3018 1087 3081 operam
1118 3005 1255 3081 ponant,
1301 3005 1408 3063 tamen
1438 2996 1628 3078 relinquitur

278 3140 403 3204 semper
429 3120 517 3184 locus
540 3140 677 3186 vacuus:
715 3119 761 3183 ita
791 3120 916 3203 amplus
940 3129 989 3184 est
1011 3137 1160 3204 campus,
1194 3118 1342 3200 idemque
1363 3119 1480 3184 bonam
1503 3119 1625 3203 frugem

278 3261 381 3326 paene
420 3239 566 3304 omnibus
601 3239 668 3305 suis
702 3239 847 3325 partibus
886 3240 1043 3306 uberrime
1081 3239 1195 3305 reddit.
1263 3240 1376 3322 Itaque
1406 3242 1507 3306 Tuum
1541 3261 1625 3305 nunc

277 3362 459 3445 exemplum
490 3367 635 3442 secutus,
673 3383 767 3445 quem
797 3381 908 3426 omnes
938 3362 1043 3427 sciunt
1065 3382 1162 3444 quam
1185 3361 1286 3426 multa
1309 3383 1348 3427 cx
1372 3361 1422 3427 bis
1445 3361 1561 3427 studiis
1583 3362 1627 3426 ad

276 3479 421 3565 linguam
454 3482 740 3566 antiquitatemque
770 3483 925 3549 Graecam
957 3483 1071 3548 melius
1102 3483 1358 3566 cognoscendam
1388 3482 1626 3568 deprompseris

277 3610 309 3669 ct
332 3603 498 3669 nobiscum
521 3604 818 3686 communicamur,
844 3603 1088 3687 inscriptionum
1111 3603 1304 3669 Graecarum
1328 3604 1397 3669 sive
1421 3624 1532 3670 recens
1556 3604 1626 3670 sire

278 3725 400 3810 pridem
430 3732 626 3810 repertarum
656 3725 743 3790 locos
773 3723 927 3806 quosdam
957 3725 1170 3807 perlustrabo.
1227 3725 1299 3790 Non
1323 3733 1372 3791 cst
1400 3725 1508 3809 magni
1530 3725 1625 3789 mcli-

277 3847 371 3913 minis
390 3867 489 3932 opera
502 3867 590 3912 mea:
617 3866 719 3930 parva
741 3864 871 3928 ecquem
899 3844 958 3911 sed
972 3843 1053 3910 hacc
1067 3867 1168 3930 parva
1184 3867 1288 3929 neque
1303 3849 1353 3912 ΤΕ
1370 3853 1623 3930 contempturum

277 3968 342 4033 scio
372 3989 475 4050 neque
508 3987 702 4050 quemquam
730 3967 785 4049 qui
812 3966 1008 4032 Hesiodeum
1038 3966 1120 4032 illud
1148 3967 1310 4032 didicerit:
1350 3970 1377 4032 εἰ
1406 3965 1463 4055 γάρ
1493 3993 1543 4033 κεν
1573 3967 1624 4032 καὶ

278 4086 398 4175 σμικρὸν
422 4089 471 4154 ἐπὶ
500 4094 617 4175 σμικρῷ
639 4089 784 4153 καταθεῖο
807 4085 857 4153 καὶ
882 4083 965 4172 talpa
987 4084 1066 4152 ταῦτ’
1095 4087 1208 4173 ἔρδοις,
1242 4089 1320 4173 μέγα
1343 4114 1392 4154 κεν
1415 4084 1494 4174 τάχα
1518 4085 1624 4153 καὶτὸ

275 4235 402 4297 pererro.

361 4332 464 4397 Probe
487 4331 613 4413 novisti,
639 4330 745 4412 credo,
770 4329 975 4415 splendidum
998 4329 1079 4396 illud
1101 4351 1192 4416 opus,
1220 4330 1304 4413 quod
1327 4338 1402 4395 aute
1424 4331 1482 4396 bos
1505 4330 1664 4417 paucos§
1691 4334 1702 4391 l

277 4473 378 4518 anuos
402 4452 451 4517 vir
472 4451 675 4517 doctissimus
691 4453 822 4535 Heuzey
839 4450 879 4517 de
901 4451 1016 4518 itinere
1040 4471 1096 4517 suo
1118 4452 1152 4516 in
1167 4452 1389 4518 Macedoniam
1410 4452 1626 4535 finitimasque

274 4574 422 4656 regiones
451 4573 537 4639 lacto
567 4571 676 4637 edidit.
723 4573 837 4637 Insunt
864 4571 910 4637 ibi
932 4594 996 4638 non
1019 4573 1113 4658 pauci
1144 4573 1227 4639 tituli
1249 4572 1428 4640 Thessalici
1455 4580 1552 4639 antea
1574 4574 1624 4638 in-

275 4693 413 4780 cogniti,
447 4693 603 4776 equibus
627 4712 709 4758 unus
733 4693 807 4758 licet
828 4694 1037 4760 brevissimus
1066 4715 1131 4759 non
1158 4694 1310 4778 indignus
1333 4714 1405 4761 esse
1428 4694 1571 4778 videtur,
1606 4718 1626 4762 a

275 4838 337 4900 quo
352 4836 436 4881 nunc
451 4814 576 4880 initium
593 4814 729 4897 capiam.
769 4814 902 4898 Legitur
925 4816 985 4881 sub
1001 4815 1187 4901 anaglypho
1203 4816 1352 4881 Larissae
1369 4823 1493 4901 reperto
1509 4817 1624 4882 litteris

274 4937 461 5021 vulgaribus
494 4935 664 5021 scriptum:
706 4933 1625 5025 ΘΕΟΙΣΜΕΓΑΛΟΙΣΔΑΝΑΑΤΘΟΝΕΙΤΕΙΑ

280 5059 337 5140 (ur.
368 5060 425 5121 188
449 5077 481 5142 p.
508 5058 570 5120 419
594 5055 663 5142 Η.).
711 5057 824 5124 Editor
846 5058 1002 5143 explicat:
1030 5057 1118 5132 Θεοῖς
1142 5054 1283 5144 μεγάλοις
1307 5055 1411 5123 daseia
1434 5058 1621 5125 Tllousrrelc.
