4206 6248
655 630 705 685 Da
724 630 759 686 A.
780 631 904 688 Pnasrl
922 633 1056 688 FLACCI
1074 631 1217 688 PATRIA
1592 639 1611 698 5

267 816 451 882 condendas
480 818 577 885 urbes
606 820 736 885 maioris
765 822 905 888 ambitus
927 823 1063 890 invitare
1092 831 1224 908 possent
1253 824 1398 890 hominos
1421 824 1608 889 maritimos.

267 936 306 1002 ld
328 937 413 1019 quod
436 938 532 1004 etiam
554 939 589 1005 in
611 940 715 1006 sinum
739 943 919 1012 Lunensem
944 943 1039 1025 cadit,

723 1083 785 1147 quo
807 1083 871 1127 non
894 1065 1063 1148 spatiosior
1083 1065 1166 1131 alter

516 1182 700 1247 innumeras
723 1183 848 1268 cepisse
869 1190 954 1249 rates
977 1192 1009 1250 et
1031 1185 1181 1251 claudere
1204 1192 1351 1271 pontum:

268 1301 433 1368 sedidem
457 1301 500 1367 ad
523 1301 734 1368 continentem
758 1304 881 1369 aditum
904 1305 1002 1371 habet
1025 1306 1237 1371 difficiliorem
1260 1325 1364 1388 neque
1387 1305 1420 1370 in
1442 1305 1607 1390 montium,

268 1424 384 1506 quibus
407 1423 561 1508 cingitur,
597 1423 759 1489 radicibus
789 1424 869 1492 situs
900 1433 965 1508 est,
999 1427 1054 1509 qui
1077 1427 1120 1493 ad
1142 1427 1253 1492 urbem
1277 1426 1355 1493 scite
1377 1426 1610 1494 aedificandam

269 1552 302 1611 et
330 1564 401 1610 cum
432 1564 505 1610 arce
533 1546 615 1610 bene
645 1544 769 1610 munita
798 1546 1053 1629 coniungendam
1076 1569 1096 1613 a
1118 1554 1233 1613 natura
1254 1548 1348 1631 quasi
1370 1547 1610 1615 commendatus

269 1686 341 1732 esse
364 1666 521 1731 videatur.
570 1666 676 1744 Quare
705 1664 824 1731 factum
854 1675 921 1749 est,
955 1675 991 1734 ut
1012 1669 1120 1752 graeci
1142 1668 1305 1752 homines,
1338 1669 1393 1752 qui
1416 1668 1497 1735 haec
1518 1669 1612 1736 litora

267 1788 466 1869 incolebant,
500 1787 604 1871 magis
628 1786 764 1871 dispersi
787 1788 968 1854 habitarent
990 1809 1086 1872 quam
1108 1789 1141 1854 in
1164 1810 1261 1854 unum
1285 1789 1445 1872 quoddam
1469 1797 1611 1856 centrum
1680 1795 1682 1800 ’

270 1909 406 1975 collecti.
448 1909 564 1975 Evenit
583 1909 692 1993 igitur,
717 1909 803 1992 quod
818 1909 1006 1975 Aristoteles
1029 1910 1129 1975 dixit:
1157 1905 1191 1974 οὐ
1213 1914 1272 1974 τῶν
1295 1906 1445 1997 τυχόντων
1469 1906 1487 1997 ἡ
1510 1907 1607 1985 πόλις.

268 2031 439 2096 Permultis
463 2031 560 2115 enim,
586 2051 668 2114 quae
691 2050 756 2095 non
779 2030 896 2113 ubique
920 2052 983 2096 una
1006 2030 1217 2116 reperiuntur,
1244 2030 1418 2097 commodis
1434 2039 1466 2097 et
1480 2038 1611 2098 natura-

268 2152 352 2217 libus
376 2151 461 2217 etin
484 2151 658 2234 hominum,
684 2151 738 2234 qui
760 2151 963 2233 cqnveniunt,
993 2151 1121 2236 ingenio
1143 2151 1257 2237 positis
1279 2171 1359 2237 opus
1382 2159 1442 2235 est,
1468 2160 1503 2219 ut
1525 2154 1612 2220 colo-

268 2293 381 2339 norum
409 2273 443 2338 in
473 2280 590 2339 terram
619 2272 821 2358 peregrinam
851 2272 932 2338 forte
962 2272 1138 2337 delatorum
1169 2280 1344 2339 conventus
1366 2272 1494 2355 urbem,
1528 2294 1611 2357 quae

268 2394 328 2460 hoc
349 2394 476 2459 nomine
500 2393 599 2477 digna
622 2393 674 2475 sit,
701 2393 894 2460 constituere
916 2393 1027 2478 possit.

355 2515 445 2593 Quae
468 2535 539 2579 cum
561 2514 609 2580 ita
630 2514 704 2597 sint,
731 2513 826 2579 facile
848 2514 1057 2598 intellegitur,
1083 2533 1140 2579 cur
1162 2513 1277 2580 Graeci
1300 2515 1354 2598 qui
1378 2515 1418 2580 ab
1441 2516 1611 2583 Aethaliae

268 2636 394 2702 insulae
417 2636 496 2702 freto
520 2655 620 2719 usque
643 2635 686 2701 ad
709 2635 813 2701 sinum
837 2636 1017 2700 Lunensem
1041 2634 1116 2700 litus
1139 2635 1332 2719 incolebant,
1357 2637 1485 2721 populis
1507 2637 1612 2703 medi-

267 2758 424 2824 terraneis
452 2777 516 2822 non
542 2764 607 2823 tarn
631 2763 759 2822 strenue
781 2776 821 2824 ac
842 2755 982 2821 feliciter
1003 2755 1151 2821 resistere
1174 2756 1334 2840 potuerint
1355 2764 1451 2841 atque
1475 2757 1611 2823 Cumani

268 2886 301 2945 et
323 2879 419 2944 ceteri
442 2898 630 2962 magnarum
654 2877 779 2943 urbium
802 2876 968 2942 moenibus
991 2876 1113 2943 muniti.
1162 2877 1260 2943 Tusci
1288 2877 1403 2961 igitur,
1436 2877 1490 2960 qui
1514 2879 1611 2943 maris

269 3000 412 3087 pericula
433 2999 678 3065 reformidantes
699 2998 733 3062 in
756 2997 916 3063 montibus
938 2997 1034 3063 urbes
1057 3017 1132 3063 suas
1155 2997 1409 3082 collocaverant,
1442 3006 1609 3083 postquam

268 3125 310 3190 ad
333 3144 420 3188 oram
444 3105 622 3205 peregrinis
645 3117 841 3203 eripiendam
864 3117 1112 3200 descenderunt,
1140 3118 1210 3184 sine
1233 3119 1360 3202 magnis
1383 3119 1612 3185 certaminibus

268 3247 328 3312 hoc
350 3244 499 3309 videntur
521 3241 678 3323 effecisse,
704 3247 739 3306 ut
760 3239 936 3322 marginem
960 3240 1052 3323 quasi
1074 3260 1225 3322 graecum
1246 3246 1351 3305 terrac
1373 3240 1529 3305 barbarae
1553 3240 1612 3305 ad-

269 3387 386 3433 nexum
418 3365 479 3450 ipsi
507 3367 716 3447 occuparent,
753 3360 836 3426 sicut
865 3360 947 3445 Lydi
975 3360 1120 3426 fecerunt
1147 3361 1271 3426 Ioniam
1304 3361 1443 3444 ingressi
1476 3367 1509 3426 et
1541 3368 1613 3446 post

269 3488 378 3573 Lydos
407 3487 538 3551 Persae.
583 3482 621 3547 Id
650 3481 736 3564 quod
764 3480 834 3547 fieri
864 3503 925 3547 non
955 3482 1072 3567 potuit,
1107 3481 1182 3566 quin
1210 3482 1307 3548 urbes
1336 3482 1492 3547 barbarae
1520 3481 1612 3567 ipsae

267 3609 432 3694 ingenium
455 3613 488 3672 et
509 3623 614 3669 mores
636 3608 806 3668 mutarent.

355 3729 437 3794 Hinc
465 3727 564 3810 igitur
592 3725 785 3809 explicatur,
823 3724 979 3807 quomodo
1010 3724 1206 3791 effloruerint
1235 3743 1286 3790 res
1316 3723 1607 3807 Volaterranorum,

269 3852 323 3935 qui
346 3857 484 3915 montem
506 3848 608 3929 illum,
635 3866 714 3929 rupe
736 3844 911 3930 praecipite
935 3845 1081 3924 cinctum,
1112 3852 1227 3911 natura
1248 3843 1498 3910 munitissimum
1520 3844 1611 3910 inco

269 3972 400 4038 lendum
430 3971 613 4053 elegerunt,
648 3965 733 4032 unde
759 3965 857 4030 maris
878 3966 1037 4050 Tyrrheni
1060 3966 1136 4031 litus
1159 3965 1248 4031 velut
1269 3986 1289 4030 a
1311 3965 1450 4031 naturali
1473 3965 1611 4049 quodam

270 4092 419 4179 capitolio
441 4096 537 4174 atquc
560 4087 686 4174 imperii
707 4085 785 4152 sede
800 4087 1001 4172 prospicitur.
1042 4087 1216 4170 Postquam
1231 4085 1316 4152 enim
1331 4066 1407 4151 litus
1423 4085 1610 4152 adiunctum

270 4222 319 4280 est
341 4211 483 4298 imperio,
510 4211 716 4276 barbarorum
738 4227 796 4271 arx
819 4207 1053 4273 mediterranea
1076 4208 1151 4272 urbs
1166 4206 1325 4272 maritima
1340 4205 1426 4271 facta
1441 4213 1491 4272 cst
1507 4208 1611 4273 classe

270 4335 413 4421 pollens,
440 4339 536 4416 atque
560 4329 731 4414 disciplina
752 4349 880 4412 graeca,
907 4328 998 4393 cuius
1021 4327 1116 4393 etiam
1134 4329 1168 4393 in
1182 4328 1265 4392 hanc
1280 4327 1444 4411 regionem
1459 4348 1523 4393 non
1538 4349 1613 4413 par-

269 4457 378 4522 vulum
395 4453 555 4537 quendam
571 4451 709 4516 rivulum
725 4448 892 4515 influxisse
908 4449 1056 4531 vidimus,
1077 4456 1108 4514 et
1123 4449 1194 4534 ipsa
1208 4448 1342 4514 imbuta.
1374 4448 1504 4514 Etenim
1518 4470 1613 4534 prae-

268 4584 317 4644 ter
338 4594 536 4640 nummorum
560 4592 745 4657 graccorum
769 4571 892 4656 copiam
915 4571 948 4634 in
971 4570 1048 4635 urbe
1072 4576 1230 4654 repertam
1249 4569 1346 4634 etiam
1362 4569 1493 4635 fabulae
1509 4570 1613 4636 Grae-

269 4717 375 4763 corum
398 4702 593 4780 quantopere
616 4693 795 4779 placuerint
810 4691 1038 4773 Volaterranis,
1065 4691 1143 4756 artis
1165 4697 1370 4756 monumenta
1392 4692 1610 4777 comprobant.

269 4817 539 4902 Frequentissima
561 4815 646 4880 cuim
669 4821 744 4879 sunt
764 4814 797 4878 in
821 4812 1046 4878 cinerariorum
1069 4811 1274 4896 anaglyphis,
1301 4832 1384 4894 quae
1407 4832 1447 4876 ex
1464 4811 1611 4897 Odyssea

269 4939 457 5024 deprompta
479 4937 553 5019 sint,
580 4933 859 5020 frequentissimae
882 4932 1014 4998 deorum
1037 4932 1230 4997 marinorum
1252 4932 1387 5015 figurae.

354 5060 467 5140 ltaque
490 5077 682 5150 quamquam
699 5055 832 5121 Graecis
855 5054 888 5119 in
911 5055 971 5119 hoc
993 5053 1084 5119 litore
1107 5072 1169 5117 non
1192 5052 1334 5136 contigit,
1362 5060 1396 5119 ut
1418 5054 1514 5120 urbes
1536 5074 1612 5120 con-
