4118 6240
448 662 661 720 HIERONYMI
679 664 812 720 RHODll
831 664 1098 721 Peniro'rnnlol
1117 663 1352 722 FRAGMENTA
1511 667 1571 727 1¹3

230 876 375 918 coronam
398 878 526 920 auream
549 878 618 920 cuin
641 879 679 919 ee
701 880 773 921 arce
797 855 957 920 Athenaei
978 856 1207 940 perdidissent,
1244 855 1415 939 Sophocles
1439 853 1577 939 tropicus

230 975 411 1040 somniando
433 977 619 1041 redinvenit.
660 978 814 1043 Mutatam
836 984 932 1060 atque
952 984 1138 1043 exornatam
1162 977 1292 1043 fabulae
1315 976 1448 1042 formam
1466 974 1578 1041 Cicero

231 1096 360 1163 exhibet
382 1096 422 1163 de
445 1096 543 1163 divin.
563 1099 647 1180 125,
667 1103 707 1162 54
731 1098 787 1183 qui
805 1120 875 1162 cum
898 1121 936 1161 eu
958 1099 1035 1163 aede
1050 1099 1202 1163 Hermos
1218 1107 1336 1183 potero
1351 1120 1448 1162 nureo
1469 1095 1577 1181 procis

230 1226 377 1301 surrepto
399 1227 488 1300 essct,
513 1220 547 1283 in
568 1218 684 1282 somnis
706 1219 784 1283 nictit
805 1219 908 1303 ipsum
922 1221 1014 1284 deum
1029 1220 1180 1284 dicentem
1197 1219 1252 1305 qui
1264 1219 1300 1282 id
1309 1218 1455 1305 fecisset.
1496 1217 1581 1302 quod

231 1339 327 1402 semel
346 1339 401 1403 illc
422 1339 594 1424 iterumque
616 1340 765 1423 neptenit.
809 1341 864 1404 ubi
883 1341 965 1405 idem
986 1341 1120 1425 saepius,
1147 1340 1288 1404 escendit
1310 1340 1344 1402 in
1366 1339 1573 1423 Ariopopum,

232 1459 345 1523 detulit
369 1480 446 1524 rem.
494 1461 703 1547 Ariopoyitoe
731 1461 953 1544 comprehendi
978 1462 1085 1526 iubent
1113 1485 1182 1526 cum
1212 1461 1268 1547 qui
1290 1485 1310 1526 c
1332 1459 1488 1543 Sophocle
1510 1466 1580 1524 erat

231 1579 409 1644 nominatus
418 1610 432 1656 ,·
453 1581 482 1646 is
504 1582 682 1666 quaestione
704 1582 845 1647 adhibito
868 1584 1028 1669 confessus
1051 1592 1097 1647 est
1114 1591 1321 1666 poteramque
1343 1580 1477 1644 rettut‘t.
1518 1602 1577 1664 quo

181 1740 182 1743 =
222 1690 319 1786 sacto
331 1703 452 1787 funum
475 1704 558 1767 illud
573 1703 686 1767 indicis
701 1702 854 1768 Herculis
876 1703 1069 1768 nominatum
1092 1712 1148 1768 est.
1189 1702 1368 1768 Diversitos
1384 1700 1577 1767 narrationis

232 1821 368 1888 tortasse
395 1823 457 1909 ipsi
482 1824 626 1891 Ciceroni
655 1823 825 1891 tribuenda
853 1832 903 1890 eet
930 1845 995 1890 rem
1026 1845 1066 1891 ex
1096 1824 1219 1891 Graeco
1246 1825 1327 1890 libro
1356 1822 1578 1907 depromptam

232 1943 364 2009 liberius
386 1946 534 2011 tractanti
568 1945 721 2029 (Dettmcr
746 1945 787 2011 de
810 1946 947 2011 Hercule
969 1947 1034 2012 Au.
1061 1968 1093 2031 p.
1116 1950 1185 2030 14];
1217 1945 1258 2011 de
1280 1943 1580 2010 commemoratione

233 2065 394 2150 Areopagi
416 2067 457 2132 cf.
478 2068 577 2134 Meier
599 2075 631 2133 et
653 2066 853 2133 Schoemaun
876 2069 933 2130 der
948 2076 1006 2131 ott.
1026 2071 1158 2132 Proccss
1180 2089 1213 2152 p.
1232 2071 1305 2148 306,
1326 2069 1378 2128 42.
1421 2063 1458 2129 Id
1481 2085 1579 2129 uuum

234 2187 473 2253 memorabilius
495 2187 599 2254 videri
621 2195 742 2274 potest,
775 2188 860 2273 quod
882 2188 995 2255 Cicero
1025 2189 1180 2274 templum
1202 2194 1307 2254 aetate
1330 2185 1498 2271 Sophoclis
1519 2206 1580 2249 an·
1607 2200 1608 2203 ’

233 2305 352 2390 tiquius
375 2306 475 2375 fuisse
497 2316 616 2375 namot.

278 2550 403 2615 XXIX.
421 2550 905 2617 Philoo.oerhet.lvacol.1o
1002 2551 1097 2617 Dion.
1129 2551 1204 2617 Hal.
1238 2550 1279 2616 de
1309 2550 1406 2615 Isocr.
1440 2548 1506 2615 iud.
1541 2551 1579 2612 13

229 2665 410 2758 Ἱερώνυμος
425 2674 459 2737 δέ
474 2698 577 2760 φησιν,
593 2669 766 2760 ἀναγνῶναι
781 2672 835 2758 μέν
847 2669 905 2738 uii-
952 2668 1133 2760 Ἱερώνυμος
1163 2671 1196 2737 δὲ
1231 2669 1247 2738 ό
1277 2666 1442 2759 φιλόσοφός
1473 2695 1575 2758 φησιν,

236 2796 288 2856 τοῦ
311 2793 480 2878 (Isocratis)
503 2791 570 2867 τοδς
586 2790 692 2879 λόγους
712 2843 718 2856 .
740 2843 747 2856 .
769 2843 803 2858 ..
835 2795 906 2882 (ριγ-
960 2790 1127 2880 ἀναγνῶναι
1161 2793 1213 2879 μέν
1248 2786 1284 2859 ἄν
1314 2818 1381 2858 τινα
1411 2792 1580 2877 δυνηθῆναι

236 2912 305 2986 δι’ως
318 2913 489 3000 suppled.
501 2916 618 3000 Neap.)
632 2909 817 3002 δυνήσεσθαί
827 2940 903 2997 τινα,
959 2911 1027 2988 τοὺς
1058 2910 1163 3002 λόγους
1191 2911 1283 2981 αὐτοῦ
1313 2917 1432 2995 καλῶς,
1474 2917 1579 2999 δημη-

236 3036 448 3123 δημηγορησαι
471 3035 504 3101 δὲ
526 3033 579 3122 τὴν
602 3031 705 3122 φωνὴν
721 3032 835 3102 καὶτὸν
851 3032 906 3102 τό·
958 3040 1088 3124 γορήσαι
1115 3036 1148 3102 δέ
1175 3031 1229 3123 τήν
1257 3060 1290 3100 τε
1316 3032 1419 3124 φωνην
1449 3033 1501 3099 καὶ
1529 3031 1579 3099 τόν

236 3179 286 3218 νον
313 3157 474 3244 ἐπαίροντα
503 3157 553 3222 καλ
578 3161 608 3223 ἐν
631 3152 725 3245 ταότη
748 3163 785 3244 τῇ
809 3182 905 3224 κατα·
959 3154 1043 3223 τόνον
1077 3153 1230 3245 ἐπάραντα
1263 3156 1316 3222 καλ
1349 3161 1380 3223 ἐν
1413 3151 1506 3243 ταότη
1541 3160 1578 3242 τῇ

238 3282 328 3364 σκευῇ
344 3274 418 3362 μετὰ
433 3283 485 3364 τῆς
502 3273 707 3366 ἁρμοττοόσης
724 3276 907 3367 ἱιποκρέσεως
958 3285 1132 3367 κατασκευῇ
1170 3275 1245 3365 μετὰ
1281 3283 1335 3365 τῆς
1373 3273 1579 3365 ἁρμοττοότης

237 3399 330 3463 εἰπεῖν
342 3396 377 3463 oi
389 3403 557 3474 παντελῶς·
583 3397 686 3488 τὸγὰρ
703 3403 840 3488 μέγιστον
856 3399 907 3465 καὶ
960 3396 1144 3488 δποκρίσεως
1167 3402 1260 3466 εἰπεῖν
1283 3397 1319 3465 οὐ
1340 3401 1507 3471 παντελῶς·
1546 3394 1579 3462 τὸ

235 3517 465 3605 κινητικώτατον
497 3524 663 3609 παρεῖσθαι
696 3529 755 3588 τῶν
787 3515 905 3609 όχλων·
959 3520 1017 3610 γὰρ
1041 3524 1178 3610 μέγιστον
1200 3522 1252 3587 καλ
1274 3515 1502 3606 κινητικώτατον
1524 3522 1580 3583 τῶν

237 3632 353 3727 ἄψυχον
369 3639 427 3730 γὰρ
443 3640 535 3708 αὐτοῦ
551 3642 602 3707 καὶ
618 3639 841 3709 ἀνυπάκουστον
857 3642 906 3707 εἶ-
960 3637 1060 3731 όχλων
1087 3644 1318 3732 παραιτεῖσθαι,
1350 3638 1383 3706 τὸ
1412 3635 1580 3726 παθητικὸν

236 3786 286 3826 ναι
308 3759 361 3848 τήν
384 3764 462 3835 λέξιν
485 3764 537 3829 καλ
560 3764 651 3837 ολονελ
667 3760 741 3851 πρὸς
756 3750 809 3829 ἕνα
824 3760 907 3829 τόνον
960 3763 1011 3828 καλ
1035 3765 1186 3854 ἔμψυχον·
1225 3759 1377 3829 δουλεόειν
1404 3759 1462 3849 γὰρ
1491 3758 1580 3827 αὐτόν

237 3885 461 3970 πεποιημένην·
497 3881 531 3951 τό
561 3887 594 3952 δέ
623 3887 826 3972 κεκλασμένον
856 3885 907 3950 καὶ
960 3910 997 3972 τρ
1021 3881 1151 3972 λειότητι
1174 3881 1224 3950 διὰ
1246 3879 1375 3957 παντός·
1410 3880 1443 3948 τό
1467 3881 1500 3948 δὲ
1522 3908 1580 3948 κε-

237 4002 426 4070 παντοδαπὸν
449 4004 500 4072 κοιλ
523 4003 656 4073 ἐπιτάσει
678 4032 711 4073 τε
733 4006 785 4072 καλ
807 4003 909 4071 ἀνέσει
961 4008 1110 4094 κραμένον
1143 4005 1194 4071 καὶ
1227 4000 1416 4071 παντοδαπόν
1446 4000 1582 4069 ἐπιτάσει

238 4126 289 4191 καλ
300 4127 365 4199 ταῖς
376 4128 560 4212 παδητικαῖς
573 4124 752 4215 ὑπερθέσεσι
764 4131 907 4214 διειλημ-
960 4153 992 4192 τε
1021 4127 1073 4192 καὶ
1103 4124 1204 4193 ἀνέσει
1230 4127 1282 4192 καλ
1304 4123 1337 4192 τό
1359 4129 1425 4200 ταῖς
1446 4127 1579 4212 παδητι-

238 4248 325 4332 μένον
356 4244 616 4335 ἀποβεβληκέναι,
648 4255 685 4336 τῇ
714 4248 747 4314 δὲ
779 4245 909 4335 λειότητι
960 4250 1029 4322 καῖς
1059 4245 1220 4314 ὑποθέσεσι
1248 4248 1458 4334 διειλημμένον
1487 4242 1579 4334 ὓπερ-

237 4366 288 4432 διόι
309 4365 418 4442 παντὸς
441 4366 604 4436 δουλεόειν.
963 4370 1135 4458 βεβηκέναι.

322 4488 414 4566 Quae
429 4489 493 4555 iam
510 4499 686 4576 sequuntur
701 4491 788 4578 apud
803 4491 993 4578 Dionysium
1011 4512 1076 4557 non
1091 4497 1235 4557 exstant:
1261 4495 1418 4577 τοιγαροῦν
1434 4484 1582 4577 (εδ>ανά-

236 4635 365 4696 γνωστον
390 4611 442 4696 μέν
465 4610 543 4677 εἶναι
566 4617 668 4700 φωνῆς
689 4610 868 4701 όφειμένης,
894 4614 1077 4701 ἑπαρδεισης
1100 4634 1133 4676 οε
1156 4608 1242 4702 (μη),
1268 4636 1324 4676 καν
1346 4611 1412 4684 ταῖς
1433 4606 1582 4696 περιόδοις

237 4732 287 4796 καὶ
310 4728 552 4820 π<ερι>ειλοῦσαν
587 4734 643 4818 (ita
665 4734 777 4818 Blasii,
811 4732 1041 4824 <προ>ειλοῦσαν
1071 4733 1123 4799 ed.
1147 4733 1265 4819 Neap.)
1298 4729 1348 4798 τόν
1378 4732 1502 4817 λέγοντα
1531 4729 1583 4796 καλ

235 4849 288 4938 την
312 4849 464 4940 ὑπόκρισιν
480 4849 706 4942 ἀφαιρουμένην
728 4852 962 4943 [ἀφαιρουμενου
985 4855 1096 4938 codex,
1123 4875 1185 4920 em.
1204 4854 1374 4939 Spengel),
1399 4853 1451 4918 καὶ
1474 4851 1581 4940 σχεδὸν

236 4975 372 5039 ἐναντίαν
400 5000 437 5062 τρ
468 4980 527 5040 τῶν
555 4978 725 5041 πολιτικῶν.
772 4973 854 5065 (τὸ>ν
894 4973 997 5065 ((τῶ>ν
1032 4975 1084 5042 ed.
1121 4975 1239 5060 Neon.)
1278 4974 1311 5040 δέ
1342 4975 1581 5059 πολιτευομένων

235 5095 470 5184 έπιστατήσοντα
501 5098 563 5162 δεῖν
592 5095 644 5161 καὶ
676 5094 882 5186 δημηγορικόν
915 5092 1176 5187 κα<τα>κεχόσδαι
1215 5090 1499 5184 (κα<τεγ>κεχόσλλαι
1528 5095 1580 5161 ed.

1358 5220 1373 5269 S
