4206 6248
491 643 532 704 52
981 638 1027 693 W.
1047 636 1343 694 DI'PI‘ENBERGER

491 829 657 896 etiamtum
680 828 876 911 Pelagoniae
898 849 1013 895 nomen
1035 829 1133 894 latius
1156 829 1316 914 patuisse,
1347 834 1382 893 ut
1404 827 1609 893 distinctione
1631 844 1712 910 opus
1733 831 1831 891 esset.

491 951 606 1017 Postea
627 971 703 1016 uero
725 971 798 1015 cum
820 949 925 1033 magis
947 949 1115 1033 magisque
1136 948 1171 1014 in
1194 948 1385 1014 oblivionem
1401 948 1535 1028 veniret,
1562 948 1740 1031 Lyncestae
1756 966 1837 1031 quo-

492 1092 554 1156 que
576 1071 699 1154 origine
721 1071 904 1154 Pelagones
927 1090 1016 1152 esse,
1048 1071 1115 1136 iam
1145 1070 1404 1155 septentrionalis
1427 1068 1516 1152 regio
1538 1069 1673 1134 molesto
1694 1068 1752 1134 illo
1774 1068 1835 1134 ad-

490 1191 666 1258 ditamento
688 1192 806 1258 omisso
829 1191 916 1257 nude
931 1192 1108 1277 Pelagonia
1129 1192 1237 1257 vocari
1260 1199 1375 1278 coepta
1397 1197 1456 1274 ost,
1483 1190 1575 1256 ouius
1591 1209 1669 1254 usus
1685 1190 1835 1275 exempla

489 1333 587 1398 supra
608 1313 809 1397 collegimus.

576 1434 666 1512 Quae
690 1433 826 1501 sirecte
849 1434 1013 1520 disputata
1035 1441 1126 1516 sunt,
1150 1432 1217 1498 iam
1240 1433 1319 1498 nihil
1341 1432 1495 1520 impedit,
1521 1433 1689 1517 quominus
1712 1440 1835 1499 utrum-

489 1575 551 1639 que
573 1555 701 1622 titulum
725 1555 769 1621 ad
790 1554 927 1623 eundem
950 1555 1123 1639 hominem,
1149 1556 1341 1640 Lyncestam
1356 1555 1496 1638 natione,
1522 1553 1710 1620 referamus.
1750 1555 1833 1619 Eum

491 1696 562 1741 oum
581 1676 771 1743 Arrhabaeo
789 1677 902 1760 regulo
924 1676 1174 1742 necessitudinis
1195 1676 1335 1759 quodam
1358 1676 1486 1741 duculo
1509 1674 1709 1741 coniunctum
1732 1674 1833 1740 fuisse

490 1817 554 1865 non
582 1797 794 1883 improbabile
823 1804 889 1876 est;
923 1817 997 1861 nam
1028 1797 1089 1862 etsi
1118 1803 1271 1878 nonest,
1304 1817 1359 1862 cur
1380 1796 1464 1862 illud
1484 1817 1600 1861 nomen
1623 1796 1721 1861 etiam
1744 1801 1833 1860 extra

488 1918 610 2002 regiam
640 1918 772 2004 stirpem
804 1917 891 2003 apud
914 1919 1092 2002 Lyncestae
1121 1917 1272 1984 usitatum
1302 1917 1403 1984 fuisse
1425 1937 1598 2001 negemus,
1630 1924 1832 1982 tamencum

488 2039 522 2103 in
551 2038 719 2124 plebiscito
736 2038 846 2103 Attico
874 2037 1027 2124 scriptum
1055 2037 1098 2104 sit
1125 2059 1157 2103 v.
1183 2042 1219 2103 2¹
1241 2059 1310 2123 sqq.
1347 2035 1477 2124 [taedii]
1504 2037 1563 2121 [qs
1585 2037 1636 2103 καὶ
1666 2040 1701 2102 ol
1730 2033 1831 2125 πρό-

488 2184 599 2248 γονοι
620 2161 648 2224 οἱ
682 2155 852 2243 [Μενελάου
875 2155 1044 2246 εὐεργΙέται
1065 2151 1153 2245 ἦσαν]
1179 2165 1231 2224 τοῦ
1254 2155 1351 2245 δήμου
1373 2162 1425 2225 τοῦ
1446 2155 1633 2245 Ἀθη[ναίων,
1660 2157 1739 2223 εἶναι
1759 2158 1828 2245 καὶ)

490 2279 646 2346 Μενέλαον
670 2277 869 2368 εὐεργέ]τη[ν.
888 2331 894 2344 .
914 2330 921 2344 .
939 2331 967 2363 .,
1000 2281 1096 2347 huius
1126 2277 1298 2367 εὐεργεσίας
1327 2281 1482 2364 originem
1512 2280 1617 2345 redire
1645 2280 1689 2345 ad
1710 2281 1832 2346 Arrha-

486 2403 603 2468 haeum
626 2402 681 2486 qui
702 2402 918 2470 Athenienses
939 2403 974 2467 in
995 2402 1082 2468 bello
1104 2401 1377 2486 Peloponnesiaco
1399 2400 1579 2480 adimerat,
1608 2421 1629 2466 a
1650 2401 1720 2466 veri
1742 2401 1832 2466 simi-

485 2524 621 2590 litudine
642 2544 706 2589 non
727 2523 886 2601 abhorret.

461 2694 463 2697 -
573 2645 686 2729 Neque
710 2665 785 2710 vero
808 2645 966 2728 quomodo
989 2644 1058 2710 deri
1080 2644 1227 2730 potuerit,
1254 2649 1289 2709 ut
1303 2643 1470 2709 Menelaus
1491 2643 1578 2709 idem
1593 2645 1649 2728 qui
1663 2643 1831 2710 Timotheo

487 2774 583 2850 atque
612 2765 864 2831 Atheniensibus
898 2766 932 2831 in
968 2765 1055 2831 bello
1092 2772 1201 2830 contra
1230 2764 1462 2831 Chalcidenses
1489 2765 1830 2850 Amphipolitanosque

486 2908 570 2953 anno
586 2890 684 2972 :rossa
700 2908 732 2952 a.
750 2887 825 2953 Ohr.
851 2886 980 2951 fidelem
1003 2885 1177 2969 utilemque
1200 2906 1331 2972 operam
1352 2885 1567 2971 praestiterat,
1593 2886 1634 2951 ah
1657 2886 1830 2952 Iliensibus

486 3016 614 3095 propter
634 3008 785 3074 benificia
806 3009 841 3073 in
863 3028 899 3074 se
921 3008 1038 3074 collata
1060 3015 1092 3073 et
1113 3006 1298 3073 libertatem
1320 3006 1488 3072 defensam
1511 3007 1684 3091 proxeniae
1710 3008 1830 3073 honore

486 3130 677 3212 afficeretur,
705 3129 837 3196 difficile
860 3136 910 3195 est
932 3129 1028 3195 dictu.
1069 3129 1171 3194 Immo
1194 3129 1268 3213 plus
1290 3149 1355 3193 una
1374 3128 1540 3193 occasione
1555 3127 1589 3192 id
1605 3128 1675 3193 lieri
1688 3129 1830 3213 potuisse

486 3258 632 3336 apparet.
678 3251 819 3316 Primum
848 3250 934 3315 enim
956 3250 1190 3316 Demosthenes
1216 3249 1340 3331 XXIII,
1370 3253 1429 3312 154
1446 3268 1516 3333 sqq.
1542 3249 1655 3330 refert,
1689 3269 1730 3314 er
1758 3248 1829 3334 ipso

484 3373 571 3438 hello
587 3371 847 3456 Amphipolitano
863 3370 1090 3437 Charidemum
1106 3371 1229 3437 Oritam
1251 3392 1271 3436 a
1286 3369 1456 3435 Timotheo
1479 3369 1648 3435 dimissum
1670 3369 1703 3434 in
1719 3369 1829 3435 Asiam

485 3491 671 3574 transiisse,
704 3491 812 3575 ibique
842 3511 914 3557 oum
936 3491 1072 3556 Mentori
1094 3491 1319 3574 Memnouique
1342 3490 1494 3556 Artabazi
1522 3490 1675 3556 affinibus
1697 3512 1827 3576 operam

433 3630 438 3643 ¹
485 3633 576 3679 suam
591 3614 740 3695 locasset,
767 3632 891 3677 summa
912 3613 1049 3698 perfidia
1071 3632 1162 3678 usum
1186 3613 1234 3678 eis
1257 3612 1362 3678 subito
1379 3612 1535 3688 Oebrena,
1562 3612 1707 3696 Scepsiu,
1733 3613 1827 3677 Ilium

487 3735 643 3818 eripuisse
653 3737 688 3817 ¹).
729 3735 812 3798 Tum
835 3754 920 3817 vero,
948 3755 1019 3799 oum
1043 3733 1113 3819 ipse
1136 3733 1217 3798 nihil
1239 3733 1303 3798 nisi
1325 3733 1407 3798 haec
1428 3732 1665 3798 mediterranea
1687 3723 1758 3798 loca
1780 3739 1830 3798 te-

485 3991 536 4044 per
559 3975 636 4042 leges
659 3975 795 4030 sermonis
819 3974 922 4030 Graeci
946 3975 1016 4030 nibil
1040 3975 1119 4031 aliud
1140 3973 1298 4044 significare
1322 3980 1431 4045 potest,
1460 3990 1543 4045 quam
1570 3976 1727 4043 regionem,
1756 3992 1829 4046 quae

484 4061 631 4131 scriptoris
648 4067 743 4116 aetate
761 4062 916 4130 Pelagonia
933 4069 1063 4127 vocetur,
1091 4067 1174 4117 antea
1196 4063 1349 4132 aliquando
1369 4061 1538 4132 τριπολὶτιῦος
1563 4063 1727 4130 cognomine
1750 4079 1828 4117 usam

485 4163 558 4201 esse.
595 4146 675 4202 Undo
700 4156 832 4217 apparet,
860 4149 1022 4217 longissime
1047 4166 1064 4202 a
1087 4165 1155 4204 vero
1178 4149 1324 4204 aberrasse
1343 4147 1375 4202 0.
1395 4145 1527 4202 Abelium
1546 4149 1593 4217 qui
1617 4152 1650 4217 (p.
1672 4151 1705 4198 35
1723 4154 1780 4202 not.
1804 4151 1825 4212 1]

484 4234 599 4303 tripolio
616 4250 634 4287 a
651 4234 733 4288 Livio
745 4233 834 4298 XLII,
851 4238 923 4297 aab
941 4241 1192 4298 commemoratam,
1214 4251 1296 4304 quam
1316 4252 1351 4288 ex
1370 4234 1496 4288 eiusdem
1509 4234 1611 4295 XLIV,
1628 4236 1652 4298 2,
1667 4237 1682 4287 8
1695 4234 1831 4288 Perrhae·

485 4321 549 4375 biao
568 4326 676 4389 partem
695 4319 783 4376 iuuisse
801 4328 889 4391 patet,
910 4321 1026 4376 eandem
1045 4336 1108 4375 esse
1124 4321 1186 4376 vult
1198 4336 1260 4375 cum
1273 4322 1323 4374 illa
1335 4320 1482 4376 Strabonis
1494 4320 1648 4388 Pelagonia
1660 4321 1826 4388 tripolitide.

483 4407 581 4476 Neque
605 4407 716 4461 omnino
738 4408 766 4462 in
790 4408 847 4463 illle
865 4408 1048 4463 Macedoniae
1067 4406 1288 4478 Thessaliaeque
1310 4406 1438 4461 eorrfiuiis
1461 4407 1608 4476 quisquam
1632 4423 1667 4461 ex
1684 4408 1829 4462 veteribus

483 4494 564 4549 novit
581 4493 752 4561 Pelagones,
779 4511 842 4548 nam
860 4495 936 4564 apud
954 4492 1103 4548 Aelianum
1121 4511 1181 4548 var.
1202 4495 1267 4549 hist.
1289 4493 1339 4557 Ill,
1363 4495 1372 4544 1
1395 4494 1462 4563 quin
1481 4493 1580 4547 Ortclii
1599 4495 1758 4549 emendatio
1777 4493 1828 4548 lle-

485 4579 589 4650 λασγίας
607 4595 657 4648 pro
677 4577 830 4651 [Ιελαγονίας
849 4581 931 4650 plano
948 4581 1108 4635 neccssaria
1126 4581 1175 4643 sit,
1199 4594 1254 4635 non
1272 4580 1340 4635 lieet
1357 4580 1498 4634 dubitare.
1536 4580 1568 4634 In
1587 4595 1622 4633 eo
1640 4596 1707 4634 sano
1725 4578 1829 4635 Strabo

484 4666 603 4730 erravit,
629 4668 704 4735 quod
723 4665 846 4721 Annorum
865 4667 976 4731 urbem,
1004 4682 1076 4735 quae
1094 4668 1206 4736 tripolis
1224 4665 1428 4721 Perrhaehioae
1447 4672 1504 4729 est,
1526 4666 1563 4719 ad
1581 4666 1762 4734 Pelagoniam
1780 4669 1830 4721 tri·

482 4752 605 4819 politida
623 4753 742 4807 rettulit.
779 4754 835 4809 Sed
854 4753 936 4807 huius
955 4753 1056 4806 erroris
1076 4751 1159 4807 facila
1178 4755 1288 4809 veniam
1311 4755 1496 4807 concedemus
1520 4752 1639 4816 bomini,
1664 4753 1712 4823 qui
1737 4769 1828 4824 neque

482 4839 547 4893 illus
566 4845 656 4893 terras
675 4855 804 4909 umquam
823 4840 911 4893 oculis
930 4839 1033 4895 viderit
1051 4846 1081 4892 ot
1099 4840 1160 4909 ipse
1178 4840 1287 4895 indicet
1304 4840 1398 4903 urbes,
1420 4855 1491 4909 quae
1511 4840 1651 4909 quondam
1669 4840 1697 4893 in
1710 4840 1830 4908 Pelago-

483 4926 530 4979 nia
548 4927 702 4996 vioipisque
722 4926 883 4994 regionibus
902 4923 1019 4988 iruerint,
1040 4926 1146 4979 dudum
1165 4927 1275 4981 dolatas
1294 4941 1366 4980 esso.
1404 4925 1476 4979 Num
1495 4923 1568 4979 forto
1587 4923 1731 4999 Βυλάζωρα
1749 4928 1827 4982 urhis

482 5028 583 5066 nornen
604 5012 714 5082 (Polyb.
734 5012 768 5075 V,
790 5014 832 5076 97,
855 5014 877 5063 l.
898 5013 961 5067 Liv·
981 5011 1082 5075 XLIV,
1104 5014 1146 5076 26,
1167 5013 1192 5072 8)
1213 5013 1238 5066 ci
1258 5012 1360 5066 erroris
1378 5028 1474 5065 ansam
1492 5011 1593 5066 dedit?

572 5100 589 5164 ¹)
612 5098 655 5151 De
674 5097 726 5151 llio
744 5112 794 5167 per
812 5098 907 5152 dolum
926 5098 963 5154 ah
981 5113 1015 5152 oo
1033 5105 1117 5169 capto
1135 5097 1171 5152 ci.
1192 5096 1307 5152 Aeneae
1325 5098 1440 5167 poliorc.
1460 5114 1484 5153 c.
1499 5100 1541 5150 tl.
1565 5098 1709 5153 Plutarchi
1721 5099 1826 5155 Sertor.
