4118 6240
422 614 482 674 102
992 609 1025 663 F..
1046 607 1187 664 HILLHR

510 803 561 865 17.
601 800 703 866 Ciem.
729 800 782 864 AI.
808 799 924 864 Strom.
949 799 981 863 11
1008 801 1066 862 127
1102 797 1153 881 (ci.
1179 798 1285 864 Zeller
1308 797 1330 862 l.
1354 799 1395 880 c.)
1438 792 1624 884 Δεινόμαχος
1655 797 1688 862 δὲ
1718 798 1769 863 καὶ

422 921 585 1009 Καλλιφῶν
614 922 698 994 τέλος
726 919 804 985 εἶναι
833 920 952 1008 ἔφασαν
982 923 1059 999 κτλ,
1093 914 1110 985 ‘o'
1141 943 1173 984 τε
1189 914 1368 1007 Ἱερώνυμος
1392 914 1408 982 ὁ
1434 916 1664 1006 περιπατητικὸς
1686 921 1770 995 τέλος

422 1043 474 1130 μὲν
498 1038 631 1108 εἶναιτὸ
654 1037 813 1128 ἀοχλήτιινς
837 1045 902 1127 ζῆν,
928 1037 1043 1107 τελικὸν
1067 1040 1101 1105 δὲ
1123 1036 1238 1126 ἀγαθὸν
1262 1035 1350 1125 μόνον
1373 1035 1426 1125 τήν
1449 1036 1654 1126 εὐδαιμονίαν.

513 1165 561 1228 18.
601 1163 779 1247 Porphyrio
809 1162 851 1228 ad
874 1165 952 1228 Hor.
978 1162 1214 1247 epist.1s,ss
1252 1160 1306 1244 (si,
1340 1160 1549 1226 Mimnermus
1578 1163 1627 1227 uti
1654 1174 1767 1247 cunct,

420 1287 488 1350 sine
517 1307 622 1349 amore
650 1284 786 1369 iocisque
816 1284 864 1348 nii
892 1292 940 1348 est
970 1283 1147 1367 iucundum]
1182 1281 1391 1347 Mimnermus
1426 1281 1599 1366 eleqierum
1634 1286 1770 1370 scriptor

410 1407 501 1494 fuit,
538 1406 571 1469 in
601 1406 738 1490 quodum
767 1405 873 1490 cclopu
900 1403 1083 1469 Hieronimi
1111 1410 1227 1468 sectum
1260 1404 1493 1485 commendans,
1532 1405 1588 1489 qui
1617 1428 1769 1472 summum

421 1530 534 1594 bonum
556 1527 758 1591 indolentiam
785 1525 841 1608 (eit
862 1524 938 1591 add.
957 1524 1051 1592 codd.
1069 1525 1162 1607 reo),
1189 1546 1282 1609 quum
1305 1524 1424 1589 Graeci
1444 1521 1570 1590 ἀπονίαν
1592 1527 1764 1610 nominant,

421 1648 579 1714 molestias
601 1647 718 1712 umoris
737 1648 811 1731 plus
833 1646 1022 1711 incommodi
1042 1668 1135 1730 quum
1155 1645 1267 1730 gaudii
1287 1643 1402 1710 iubere
1424 1647 1628 1712 demonstret.

508 1769 614 1834 Etiam
638 1768 666 1834 si
689 1768 761 1851 quis
784 1768 880 1834 statui
902 1787 998 1853 posse
1020 1771 1121 1852 putet,
1148 1764 1398 1851 Porphyriouem
1421 1766 1464 1833 ad
1479 1767 1768 1837 Alexandrinorum

421 1899 565 1975 tempora
587 1889 810 1955 Mimnermum
832 1888 946 1955 inscite
969 1888 1149 1969 rettulisse,
1183 1894 1291 1954 tamen
1321 1888 1397 1973 quin
1426 1890 1514 1955 iocus
1541 1900 1706 1976 corruptus
1729 1894 1771 1959 sit

421 2011 533 2096 nequit
561 2010 718 2088 dubium
750 2031 825 2076 nam
855 2029 896 2075 ea
925 2008 1069 2094 profecto
1092 2028 1155 2074 non
1178 2009 1282 2094 potuit
1304 2009 1481 2094 Porphyrio
1503 2010 1690 2079 Mimnermo
1713 2015 1770 2080 tri-

420 2134 528 2213 buere,
555 2151 638 2215 quae
660 2131 768 2197 verbis
784 2131 970 2197 Horatianis
993 2136 1103 2215 aperte
1126 2137 1352 2215 repugnarent.
1391 2130 1487 2215 Apud
1502 2132 1666 2218 Meyerum
1690 2136 1770 2203 haec
1816 2202 1817 2205 ,

421 2252 575 2319 adnotata
608 2251 828 2318 inveniuntur:
871 2234 1025 2336 ‘quodem
1056 2258 1244 2336 vcorruptum
1283 2253 1333 2334 (ex
1361 2251 1469 2335 primu
1498 2252 1612 2338 mmi),
1652 2255 1770 2323 deinde

426 2378 507 2458 (cum
524 2376 549 2456 ς)
577 2373 781 2437 indolentiam
803 2373 850 2438 eit
872 2371 1086 2456 scribendum,
1113 2379 1274 2458 postremo
1297 2373 1378 2439 haec
1395 2393 1460 2438 nou
1475 2374 1518 2439 ad
1533 2375 1766 2461 Mimnermum,

421 2496 479 2562 sed
501 2494 545 2561 ad
560 2494 726 2560 Horatium
749 2493 920 2561 reserenda
941 2494 1116 2589 videntur’.
1157 2495 1225 2578 ligo
1248 2514 1323 2560 vero
1345 2515 1407 2578 quo
1430 2494 1524 2561 modo
1546 2496 1588 2562 ad
1603 2497 1769 2564 Horatium

421 2638 461 2683 ea
484 2616 643 2703 pertinere
665 2616 804 2700 possint,
838 2616 942 2683 fateor
964 2636 1015 2681 mc
1037 2635 1099 2681 nou
1123 2615 1324 2699 intellegere.
1371 2615 1540 2683 Excidisse
1562 2618 1668 2703 potius
1692 2621 1769 2685 mihi

419 2738 548 2804 videtur
573 2757 688 2803 nomen
716 2738 785 2803 eius
816 2758 911 2820 quern
940 2743 1133 2823 opposuerat
1156 2736 1344 2802 Mimnermo
1374 2743 1560 2822 sectamque
1582 2739 1769 2825 Hieronymi

421 2859 661 2925 commendasse
684 2859 811 2924 dixerat
832 2857 1021 2944 PorpIiyrio.
1067 2859 1203 2943 quadam
1233 2864 1416 2943 corruptum
1439 2878 1512 2926 esse
1534 2860 1632 2926 stiam
1655 2862 1768 2947 Paulyi

420 2981 527 3066 opinio
550 2987 599 3046 est
626 2979 740 3064 (Beitr.
765 3002 822 3044 zur
844 2979 955 3044 Kritik
978 2982 1033 3044 des
1055 2979 1176 3063 Porpt.
1190 2988 1234 3064 p.
1254 2980 1320 3063 42),
1354 2979 1415 3046 etsi
1437 2979 1478 3045 de
1501 2980 1617 3046 ceteris
1639 2982 1770 3067 Meyero

420 3123 489 3168 non
506 3101 690 3169 assentitur.
737 3100 802 3166 Sed
825 3100 866 3167 cf.
893 3121 944 3166 ex.
969 3122 1018 3184 gr.
1044 3099 1146 3167 schol.
1165 3101 1280 3168 Veron.
1308 3101 1405 3185 Verg.
1430 3102 1539 3183 6617,
1560 3105 1600 3166 22
1622 3103 1769 3170 similiter

420 3233 525 3288 nutem
553 3223 635 3286 hunc
661 3222 799 3286 Codrum
827 3222 860 3285 in
889 3223 996 3308 eleqiis
1019 3223 1151 3307 Vulpius
1180 3221 1348 3306 horrorifire
1374 3221 1515 3306 appellet
1544 3232 1575 3288 et
1602 3227 1768 3309 quodum

421 3346 460 3409 in
482 3345 621 3428 eciopu
643 3344 681 3406 de
704 3366 738 3406 eo
761 3342 808 3407 ait
830 3363 859 3408 e.
877 3364 909 3426 q.
929 3364 957 3409 n.
1004 3344 1129 3410 Seneca
1152 3343 1192 3409 de
1215 3343 1301 3409 brev.
1321 3342 1407 3410 viius
1423 3349 1453 3427 t,
1473 3345 1491 3406 3
1515 3343 1547 3407 in
1569 3347 1706 3430 quadum
1728 3350 1773 3412 ud

421 3475 562 3530 senatum
584 3464 681 3529 missu
703 3464 849 3547 epistula.

510 3589 560 3651 19.
586 3586 700 3651 lumbi.
726 3584 812 3670 apud
835 3585 923 3650 Stob.
949 3586 1009 3652 661.
1034 3587 1050 3650 1
1074 3590 1125 3667 41,
1149 3589 1190 3649 42
1213 3579 1232 3671 ἢ
1256 3590 1292 3672 τῇ
1317 3582 1470 3673 ἀαχληοία
1491 3585 1565 3652 καθ’
1586 3585 1767 3675 Ἱερώνυμον
1878 3589 1880 3592 ’

420 3703 439 3794 ἢ
467 3701 570 3781 ἄλλοις
592 3705 650 3772 τισὶ
672 3703 793 3794 τρόποις
816 3707 966 3792 διαγωγῆς
988 3704 1021 3771 τὸ
1045 3703 1161 3794 αἱρετὸν
1183 3707 1304 3794 ἔχοντες
1327 3711 1390 3772 κτλ.
1419 3746 1456 3755 -

507 3828 557 3894 cf.
590 3827 727 3894 Brundis
760 3826 872 3892 Gessit.
903 3827 961 3891 der
987 3827 1207 3913 proieci-rim.
1232 3827 1354 3893 Philon.
1380 3829 1464 3894 1112
1487 3851 1520 3915 p.
1539 3832 1612 3895 245.
1660 3833 1767 3900 Zeiler

422 3950 443 4015 l.
464 3971 491 4017 c.
517 3971 550 4036 p.
570 3952 644 4014 924.

506 4124 582 4189 XII.
618 4122 684 4189 cic.
711 4123 807 4188 Tuso.
832 4121 917 4207 disp.
936 4123 1032 4202 th,
1054 4124 1113 4186 118
1148 4122 1227 4186 milti
1247 4123 1370 4207 quidem
1392 4124 1426 4187 in
1449 4124 1514 4189 vito
1542 4128 1698 4191 seruanda
1721 4130 1768 4193 oi-

421 4247 514 4309 detur
535 4244 593 4308 itta
615 4245 675 4324 len,
703 4265 784 4328 quae
806 4243 839 4306 in
858 4245 1053 4308 Graecorum
1075 4243 1223 4315 conuiuiis
1245 4244 1413 4309 obtinetur.
1459 4249 1528 4310 ‘out
1544 4246 1643 4311 bibut'
1666 4249 1769 4334 inquit

425 4373 499 4431 ‘aut
527 4366 646 4430 abeut’.
692 4373 723 4459 pt
745 4372 850 4441 rectc,·
879 4373 936 4428 aut
963 4364 1045 4429 cnim
1061 4365 1202 4448 fruetur
1230 4364 1345 4449 aliquis
1367 4365 1495 4449 puriter
1522 4390 1592 4431 eum
1619 4368 1691 4434 aliis
1714 4394 1768 4435 oo-

422 4490 543 4571 luptute
560 4486 698 4570 petundi
719 4493 790 4566 eut,
817 4508 856 4549 ne
878 4486 1000 4550 sobrius
1022 4485 1055 4549 iu
1079 4485 1258 4550 uiolentiam
1280 4486 1510 4552 vinulentorum
1531 4488 1668 4571 incidat,
1695 4501 1769 4556 unte

421 4609 573 4674 discedet.
608 4607 652 4671 sic
667 4606 801 4670 iniurius
813 4609 980 4692 fortunae,
1008 4630 1087 4692 quos
1098 4608 1197 4692 serre
1211 4629 1356 4692 nequeas,
1382 4608 1573 4695 drffuqiendo
1595 4611 1765 4697 relinquas.

423 4730 499 4795 iaec
521 4729 640 4808 eodem,
667 4750 746 4812 quoe
768 4726 940 4810 Epicurus,
966 4727 1096 4792 totidem
1118 4727 1219 4792 verbis
1241 4728 1318 4793 dicit
1343 4729 1568 4817 Hieronymus.

508 4919 600 4984 XIII.
637 4919 761 4984 Seneca
782 4916 824 4983 de
847 4917 924 4984 iraI
943 4922 992 5004 19,
1013 4922 1032 4984 3
1062 4918 1141 5003 quid
1156 4941 1233 5002 opus
1248 4929 1305 5001 est,
1332 4919 1434 5007 inquit
1448 4922 1673 5008 Hieronymus,
1699 4948 1769 4989 cum

423 5041 499 5105 uelis
522 5040 651 5104 caedere
673 5040 819 5125 aliquem,
847 5049 901 5104 tue
918 5040 1012 5124 prius
1034 5041 1125 5105 labra
1147 5041 1312 5106 mordere?
