4452 6384
793 763 843 818 DE
862 760 970 818 FORIS
988 761 1226 819 ATHENARUld
1617 766 1673 828 161

334 951 424 1019 Lacii
446 952 552 1018 herois
575 953 728 1037 pervenit,
755 953 841 1036 quod
864 954 896 1018 in
919 953 1035 1020 linibus
1050 963 1118 1019 erat
1133 953 1218 1020 ilenti
1234 953 1463 1020 Laciadarum:
1490 974 1563 1018 uam
1582 973 1678 1019 unum

336 1074 451 1139 saltem
474 1074 656 1159 sepulcrum
686 1075 845 1139 recentius
872 1074 1073 1141 interiectum
1102 1082 1152 1140 est
1180 1075 1263 1140 inter
1285 1074 1344 1139 hoc
1367 1075 1542 1140 sacrarium
1564 1081 1597 1140 et
1618 1073 1681 1139 Ze-

337 1193 429 1279 phyri
453 1215 553 1278 aram,
579 1215 661 1277 qaae
685 1215 754 1260 cum
772 1195 896 1260 Cereris
919 1202 953 1261 et
967 1195 1178 1280 Proserpinae
1201 1193 1330 1260 sancet
1353 1215 1446 1261 sacra
1469 1194 1529 1260 licu
1550 1193 1681 1281 Phytali

338 1313 380 1378 ad
411 1314 513 1380 forum
526 1316 545 1398 ¹)
580 1315 715 1381 iacebat.
763 1317 860 1382 Porro
889 1317 972 1381 inter
999 1315 1102 1381 forum
1134 1323 1165 1382 et
1188 1314 1318 1400 Cephisi
1348 1315 1449 1402 ripam
1478 1323 1682 1382 monumento

338 1437 455 1501 aetatis
478 1436 663 1503 recentioris
691 1443 864 1504 memorato
886 1458 975 1502 aram
999 1438 1086 1502 loris
1108 1437 1242 1502 Miliobii
1265 1435 1425 1520 describit,
1457 1436 1498 1502 de
1527 1457 1590 1521 qua
1619 1457 1683 1502 non

339 1557 442 1622 urinus
465 1578 559 1640 quam
584 1557 624 1623 de
647 1557 728 1624 aede
744 1557 913 1642 Cyamitae
935 1558 1042 1624 herois
1065 1558 1221 1642 sepulcris
1236 1557 1464 1624 recentioribus
1479 1559 1521 1623 ab
1543 1558 1601 1623 illa
1615 1557 1683 1623 dis-

339 1677 447 1742 iuncta
476 1677 553 1762 quid
583 1677 787 1744 iudicandum
818 1679 875 1762 sit,
908 1699 992 1745 nunc
1022 1699 1084 1744 non
1111 1687 1246 1761 qtrae'ro:
1280 1698 1340 1744 nec
1369 1668 1414 1744 de⁴
1440 1678 1567 1745 nomine
1599 1676 1684 1744 domi

341 1805 475 1882 constat,
502 1819 595 1880 quem
612 1800 657 1864 ibi
673 1799 767 1864 situm
785 1798 885 1864 luisse
901 1819 1034 1866 necesso
1050 1807 1108 1864 cst.
1157 1800 1275 1864 Contra
1290 1798 1452 1884 Pythium,
1478 1799 1563 1883 quod
1582 1820 1610 1864 c.
1629 1801 1682 1884 37,

343 1923 360 1980 l
386 1927 458 2004 post
480 1921 581 1984 multa
605 1927 637 1985 et
660 1919 831 2005 splendida
853 1921 1001 2005 sepulcra
1023 1920 1215 2004 nominatur,
1241 1919 1317 2004 quin
1332 1920 1374 1986 ad
1391 1920 1543 1986 Hermum
1559 1920 1686 1986 demum

343 2041 541 2125 pertinuerit,
568 2061 629 2104 non
654 2040 764 2106 dubito
773 2043 811 2120 Ἰ).
858 2041 906 2106 Dc
921 2040 1020 2106 'lhria
1035 2041 1127 2108 demo
1149 2041 1371 2108 conveneris
1394 2041 1512 2126 templo
1528 2048 1560 2106 et
1576 2041 1688 2107 Scam-

344 2161 470 2227 bouidis
488 2161 552 2226 iarn
575 2161 725 2227 diximus.
774 2161 918 2245 Denique
942 2183 969 2228 c.
989 2165 1041 2243 38,
1061 2165 1080 2226 6
1103 2169 1272 2247 postquam
1293 2158 1429 2250 Ἐρινεόν
1446 2161 1583 2228 adfines
1599 2160 1684 2228 demi

343 2281 506 2348 Eleusinis
529 2282 802 2364 commemoravit,
834 2283 899 2347 iam
929 2283 1032 2348 forum
1056 2283 1308 2366 Eleusiniorum,
1339 2282 1424 2366 quod
1446 2281 1490 2348 ad
1512 2283 1691 2369 propylaea

343 2403 453 2487 templi
476 2403 603 2487 mystici
625 2403 722 2468 situm
744 2410 823 2483 erat,
849 2403 989 2487 attingit.

432 2523 500 2588 Iam
524 2523 734 2589 confidentius
756 2523 797 2588 de
820 2524 897 2590 foris
911 2545 1067 2609 pagorum
1084 2525 1250 2622 disputare
1266 2505 1446 2611 possumus.
1490 2523 1691 2592 Adiacebant

345 2645 385 2710 iis
408 2643 485 2732 lana
507 2644 638 2710 deorum
661 2645 854 2728 tutelarium,
881 2666 960 2729 quos
983 2664 1058 2711 suos
1073 2646 1208 2729 quisque
1225 2647 1337 2712 demus
1353 2647 1490 2728 colebat,
1516 2645 1600 2712 aliae
1616 2666 1692 2711 arae

348 2765 478 2831 deorum
502 2765 534 2829 in
558 2766 663 2832 medio
692 2766 817 2852 positae
847 2773 952 2850 erant,
987 2767 1176 2852 saepissime
1207 2788 1282 2834 vero
1308 2768 1489 2852 sepulcmm
1512 2773 1569 2833 aut
1590 2766 1692 2832 moni-

348 2893 488 2953 mentum
511 2886 618 2952 herois
640 2887 685 2953 ibi
708 2887 953 2970 ostendebatur,
980 2887 1034 2971 qui
1058 2889 1152 2970 quasi
1174 2888 1288 2972 genius
1311 2887 1388 2974 pagi
1411 2893 1489 2968 erat,
1516 2908 1578 2954 non
1600 2887 1694 2953 aliter

348 3015 444 3091 atque
467 3008 625 3073 ecclesiae
648 3007 841 3074 christianae
862 3007 897 3073 in
920 3029 1110 3093 unoquoque
1133 3030 1217 3095 pago
1239 3016 1295 3074 aut
1318 3008 1405 3074 urbis
1423 3009 1576 3094 parochia
1598 3007 1694 3075 certis

349 3129 468 3195 sanctis
491 3127 633 3196 dedicari
656 3129 771 3194 solitae
794 3137 879 3194 sunt.
927 3129 1029 3195 Heros
1051 3129 1107 3195 ille
1130 3137 1187 3196 aut
1209 3130 1294 3196 dcml
1316 3149 1494 3215 eponymus
1516 3129 1695 3196 habebatur

350 3259 406 3316 aut
428 3271 566 3335 proavus
589 3249 756 3316 fabulosus
779 3250 884 3333 gentis
908 3251 1102 3336 praecipuae
1127 3251 1161 3317 in
1185 3271 1222 3318 eo
1244 3271 1329 3337 pago
1351 3251 1526 3316 habitantis
1555 3258 1612 3316 aut
1640 3270 1696 3316 rex

350 3370 467 3453 aliquis
489 3371 560 3436 eius
583 3370 724 3453 regionis
747 3378 804 3436 aut
827 3371 965 3454 denique
987 3371 1152 3455 religionis
1175 3379 1207 3438 et
1222 3372 1324 3437 cultus
1342 3372 1496 3455 conditor,
1522 3371 1612 3437 cuius
1628 3391 1696 3438 mc-

351 3493 484 3557 moriam
506 3491 559 3576 pie
582 3492 731 3558 colebant
739 3492 774 3575 ³).
823 3491 861 3556 In
883 3491 968 3557 hunc
990 3493 1095 3558 locum
1110 3492 1336 3576 antiquissima
1359 3494 1514 3578 religione
1537 3498 1696 3559 sacratum

352 3623 384 3680 et
406 3613 536 3680 deorum
558 3614 660 3680 tutela
676 3612 828 3679 munitum
853 3613 973 3699 pagani
995 3613 1237 3698 conveniebant,
1264 3620 1299 3680 ot
1313 3614 1536 3681 adulescentes
1554 3613 1588 3680 in
1604 3611 1699 3699 patrii

353 3735 439 3801 demi
461 3735 589 3803 tabulas
612 3735 808 3801 sollemniter
829 3733 1001 3817 referrent,
1028 3753 1201 3818 omnesque
1224 3755 1275 3801 res
1298 3735 1410 3802 civiles
1432 3756 1489 3802 eas
1512 3740 1694 3817 tractarent,

353 3877 435 3940 qnae
458 3855 500 3921 ad
522 3857 633 3923 demus
655 3857 867 3942 pertinebant.

440 3977 531 4043 Talis
566 3977 627 4043 lori
663 3975 837 4043 manifesta
871 3976 1010 4062 vestigia
1038 3975 1195 4059 Thorici⁴t
1236 3976 1321 4060 quod
1353 3977 1448 4044 hodic
1482 3983 1532 4043 est
1565 3975 1699 4042 Tderilco'

356 4099 453 4164 etiam
476 4119 561 4165 nunc
582 4097 694 4164 videre
716 4115 897 4183 possumus.
945 4096 1005 4164 Ubi
1029 4097 1061 4163 in
1084 4117 1123 4164 ea
1145 4105 1235 4184 parte
1257 4097 1415 4183 planitiei,
1441 4117 1525 4181 quae
1547 4097 1590 4163 ad
1611 4117 1700 4162 mare

355 4219 499 4300 adiacet,
532 4218 742 4286 fundamenta
763 4219 912 4303 aliaeque
934 4218 1090 4302 reliquiae
1114 4218 1240 4303 amplae
1263 4218 1403 4304 porticus
1425 4219 1553 4286 doricae
1576 4225 1697 4286 extant.

356 4341 502 4424 quamsi
529 4340 561 4404 in
591 4347 676 4406 terra
697 4341 912 4404 Romanorum
942 4339 1073 4405 inventa
1101 4347 1205 4422 esset,
1239 4339 1407 4404 basilicam
1430 4359 1635 4420 vocaremus,
1668 4339 1701 4404 iu

357 4461 461 4526 Attico
484 4462 553 4526 solo
577 4461 607 4526 ei
629 4461 759 4528 leuchae
781 4481 897 4527 nomen
919 4459 1061 4527 dandum
1084 4443 1181 4546 esti).
1228 4460 1277 4526 Ab
1301 4479 1341 4526 ea
1363 4480 1426 4526 non
1454 4460 1565 4548 procul
1587 4461 1703 4526 absunt

447 4722 463 4787 ¹)
484 4719 570 4775 ctiam
589 4719 615 4775 lr.
636 4721 655 4774 l.
679 4725 711 4783 (c.
732 4723 774 4786 tt,
796 4723 821 4780 2)
846 4720 985 4776 vocabulo
1007 4719 1102 4793 χωρίον
1127 4720 1216 4775 utitur
1234 4718 1398 4775 Pausanias.
1435 4719 1461 4775 Α
1486 4736 1566 4776 saera
1590 4719 1645 4775 ficu
1664 4717 1706 4774 lo-

360 4823 419 4862 rum
438 4814 468 4862 et
486 4807 650 4863 suburbium
669 4823 769 4862 nornen
789 4807 843 4879 lepd
861 4814 927 4877 συκῆ
946 4799 1094 4875 acceperat
1122 4807 1226 4868 (Lealre
1245 4807 1288 4861 die
1301 4807 1404 4861 Demea
1417 4813 1465 4862 etc.
1478 4824 1507 4877 p.
1524 4809 1572 4859 135
1584 4825 1611 4861 n.
1626 4809 1702 4870 330,;

361 4896 435 4950 idern
454 4894 490 4948 de
509 4894 588 4949 Sciro
606 4893 691 4949 valet.

446 4982 463 5046 ’ἢ
486 4978 522 5034 cf.
543 4980 665 5036 Bursian
686 4983 783 5050 Geopr.
805 4998 829 5032 o.
854 4983 903 5033 Gr.
925 4977 938 5032 Ι
956 4997 982 5049 p.
1000 4981 1059 5033 tuo.

445 5069 465 5134 ³)
486 5067 623 5137 Exempla
641 5083 657 5121 e
675 5067 815 5122 Pausania
833 5074 863 5120 ot
881 5066 1089 5136 lexicographis
1108 5072 1224 5136 praesto
1242 5073 1317 5120 suut.

446 5154 468 5217 *ι
490 5151 586 5208 Leuke
605 5151 648 5206 die
667 5151 769 5206 Demea
787 5158 834 5206 etc.
855 5169 883 5222 p.
897 5155 939 5204 48.
961 5155 1003 5204 59.
1041 5151 1078 5208 cl.
1099 5153 1220 5206 Bursian
1241 5153 1340 5220 Geopr.
1360 5168 1385 5204 u.
1409 5154 1458 5206 Gr.
1480 5153 1492 5207 1
1511 5167 1539 5220 p.
1554 5152 1604 5204 352
1617 5167 1659 5220 sq.

446 5241 466 5310 ὃ)
488 5239 614 5294 Ineditcd
630 5238 783 5310 antiquities
801 5242 836 5314 ο]
849 5241 940 5294 Attico
959 5255 985 5294 o.
1005 5243 1031 5294 9.
1068 5239 1107 5296 Ut
1131 5239 1164 5296 E.
1184 5238 1304 5294 Zillerus
1327 5237 1500 5293 architectus
1522 5241 1551 5294 ln
1575 5254 1605 5294 re
1628 5252 1709 5309 prae-

1471 5343 1500 5398 ll
