4206 6248
621 660 671 714 DE
691 658 862 715 MENELAI
880 659 1089 715 PELAGONIS
1104 659 1258 715 diluuia·
1570 664 1610 724 55

269 849 544 914 ΑΡΧΟΝΤΟΣ
570 851 649 915 nibil
672 851 762 917 aliud
784 848 1003 934 lateal'quam
1026 848 1103 934 &lull
1120 845 1352 937 Κα[1,λι1μα’χου
1376 841 1520 936 ἄρχὸντος
1548 850 1610 932 (Ol.

272 975 343 1054 107,
363 975 380 1034 4
405 1002 446 1027 =
470 973 568 1059 31918
585 993 615 1037 a.
635 972 739 1056 (Ihm).
789 972 849 1056 Agi
871 971 969 1055 igitur
990 970 1106 1037 hic'dc
1128 971 1223 1038 rebus
1246 971 1376 1037 aliunde
1399 971 1496 1056 plane
1517 971 1612 1054 iguo-

269 1091 323 1157 tis.
370 1093 475 1176 Atque
498 1114 569 1159 cum
592 1115 632 1158 ex
655 1093 795 1159 Diodoro
822 1089 933 1176 (var)
962 1099 1101 1175 constet,
1128 1091 1279 1158 Oroutam
1301 1113 1322 1156 a
1345 1091 1441 1157 sociis
1464 1091 1611 1157 coniura-

268 1213 364 1279 tionis
395 1235 538 1279 summae
567 1214 645 1281 belli
675 1215 872 1299 praefectum
898 1211 994 1278 fidem
1018 1233 1127 1278 corum
1151 1202 1307 1279 felellisse
1331 1220 1457 1278 etcum
1479 1233 1556 1296 rege
1579 1212 1612 1278 in

269 1335 405 1416 gratiam
428 1335 574 1416 rediisse,
601 1335 681 1400 nihil
705 1334 776 1398 miri
798 1335 906 1415 habet,
933 1333 1018 1416 quod
1042 1333 1189 1399 undecim
1212 1334 1306 1399 aunis
1321 1340 1393 1419 post
1408 1354 1480 1399 eum
1497 1333 1611 1399 etiarn-

269 1454 390 1519 tamin
414 1476 545 1521 munere
567 1456 667 1520 luisse
689 1455 882 1520 invenimus.
926 1455 1020 1520 Tunc
1049 1453 1153 1520 denuo
1176 1455 1352 1520 rebellasse
1376 1446 1519 1536 ridetur3
1553 1475 1612 1520 ne·

269 1596 330 1658 que
360 1575 445 1641 euim
475 1576 568 1642 video
597 1597 735 1660 quanam
765 1576 832 1640 alia
861 1575 901 1641 de
932 1596 1030 1641 causa
1057 1575 1243 1641 societatem
1266 1595 1337 1640 curn
1361 1575 1612 1641 Atheniensibus

269 1696 374 1762 inierit
403 1704 436 1763 et
456 1698 497 1762 ab
520 1697 567 1762 eis
590 1697 732 1762 exercitu
754 1696 852 1762 misso
874 1697 1004 1762 adiutus
1028 1696 1113 1780 sith.
1160 1695 1222 1774 Qui
1252 1696 1410 1761 exercitus
1434 1717 1505 1762 oum
1527 1717 1611 1781 pug-

269 1824 361 1884 naret
382 1825 492 1884 contra
513 1818 600 1903 regis
623 1825 787 1902 satrapas,
822 1816 917 1882 facile
941 1816 1010 1881 fieri
1033 1818 1151 1902 potuit,
1178 1824 1214 1883 ut
1235 1817 1401 1883 Menelaus
1424 1824 1610 1903 camparte

268 1939 429 2024 copiarum
458 1939 493 2005 in
523 1939 758 2024 expeditionem
789 1939 907 2003 missus
935 1937 1072 2003 Ilienses
1102 1938 1265 2023 praesidio
1295 1939 1384 2022 regio
1412 1939 1547 2023 expulso
1576 1938 1610 2004 in

268 2061 446 2126 libertatem
470 2059 658 2126 vindicaret.
706 2059 759 2125 Sic
781 2059 878 2143 igitur
899 2059 1012 2125 titulus
1027 2059 1155 2124 iliensis
1176 2059 1287 2144 paullo
1310 2065 1382 2143 post
1404 2062 1466 2124 349
1481 2081 1511 2125 a.
1531 2059 1606 2126 Chr.

267 2181 389 2247 incisus
411 2200 484 2248 esse
506 2180 669 2267 putandus
692 2180 743 2246 sit.
783 2180 826 2245 At
848 2180 915 2245 sive
938 2187 1014 2245 tuuc
1035 2180 1208 2265 inscriptus
1230 2186 1289 2262 est,
1315 2179 1384 2245 sire
1399 2217 1442 2226 -
1457 2187 1491 2246 ut
1506 2201 1546 2245 ex
1562 2182 1613 2245 al-

267 2309 336 2368 tera
356 2301 415 2367 illa
438 2323 533 2386 quam
549 2301 700 2387 proposui
715 2301 896 2367 coniectura
912 2302 1115 2367 statuendum
1131 2309 1219 2366 essct
1233 2339 1277 2348 -—
1298 2300 1366 2367 fere
1390 2303 1452 2365 359
1467 2322 1497 2367 a.
1517 2302 1607 2384 Chr,

267 2423 375 2507 utique
406 2423 573 2508 plebiscito
604 2421 772 2487 honorario
794 2422 899 2487 Attico
921 2422 1060 2487 Menelai
1089 2423 1211 2505 aliquot
1241 2422 1334 2487 annis
1363 2422 1521 2487 recentior
1547 2428 1608 2487 cst.

267 2544 359 2610 Unde
382 2544 477 2610 simul
499 2550 636 2629 opiparet
657 2543 712 2627 qui
734 2543 807 2626 liat,
841 2550 875 2610 ut
896 2543 949 2608 hic
971 2542 1179 2608 Atheniensis
1202 2548 1348 2626 vocetur,
1380 2542 1435 2627 qui
1457 2542 1525 2609 illic
1547 2544 1610 2609 Pe-

267 2667 340 2749 lago
370 2674 430 2732 est.
484 2665 631 2748 Namque
661 2685 701 2730 ea
729 2670 835 2729 aetate
865 2663 1051 2749 peregrinos
1081 2663 1371 2730 mercennariorum
1402 2664 1500 2730 duces
1530 2685 1611 2730 uou-

266 2790 372 2855 nullos
395 2787 500 2853 Attica
529 2785 658 2851 civitate
688 2784 822 2849 donatos
853 2804 925 2850 esse
956 2790 1080 2850 constat
1105 2783 1290 2850 Charidcmi
1320 2786 1468 2869 exemplo
1505 2785 1607 2867 (Deru.

267 2910 391 2991 XXIII,
410 2912 481 2972 151.
499 2911 570 2971 185.
589 2908 661 2970 189.
686 2906 914 2991 Theopompus
934 2905 982 2988 [fr.
1001 2908 1071 2989 155]
1091 2905 1178 2990 apud
1193 2905 1394 2971 Athenaeum
1410 2907 1440 2969 X
1452 2927 1485 2991 p.
1501 2903 1606 2990 4361),

267 3032 317 3097 cui
340 3029 540 3099 Theodectes
561 3027 649 3113 apud
671 3026 875 3092 Aristotelem
898 3025 992 3091 Rhct.
1017 3026 1059 3108 II,
1080 3029 1119 3089 23
1143 3048 1174 3111 p.
1197 3023 1321 3090 1399ll
1351 3026 1499 3110 adiungit
1520 3027 1611 3092 Stra-

267 3155 389 3218 haccm.
437 3149 583 3215 Eundem
606 3148 757 3214 honorem
781 3147 878 3212 etiam
901 3147 1047 3212 Menelao
1070 3147 1223 3212 tributum
1246 3154 1338 3233 puto,
1372 3147 1433 3213 etsi
1455 3147 1489 3213 in
1511 3168 1552 3214 ca
1574 3169 1608 3214 re

266 3296 285 3339 a
309 3270 505 3339 Bhehneckii
534 3268 664 3353 quidem
695 3268 854 3334 sententia
884 3265 1115 3333 discedendum
1138 3267 1217 3333 mihi
1238 3268 1374 3334 videtur.
1423 3268 1503 3352 Qui,
1537 3290 1608 3334 eum

267 3394 352 3478 lapis
374 3391 499 3457 Atticus
521 3390 584 3455 duc
608 3389 769 3455 contineat
791 3388 937 3470 decreta,
963 3389 1069 3473 prius,
1096 3389 1182 3471 quod
1202 3389 1363 3472 integrum
1386 3396 1508 3473 exstat,
1543 3410 1610 3455 sc-

267 3520 402 3594 natns‚
429 3532 492 3596 quo
514 3511 594 3576 nihil
617 3510 679 3575 nisi
701 3510 815 3575 laudes
832 3509 971 3576 Menelai
994 3509 1204 3592 continentur,
1231 3510 1378 3592 altorum,
1405 3510 1551 3576 mutilum
1574 3511 1609 3576 id

267 3636 413 3722 quidem,
443 3631 604 3718 populi,
637 3632 671 3696 in
694 3651 756 3714 quo
779 3635 908 3696 servata
930 3637 980 3697 est
1002 3626 1174 3717 εὐεργεσίας
1197 3631 1330 3710 mentio,
1357 3631 1492 3697 coniecit
1515 3652 1609 3716 prac-

266 3765 314 3824 ter
337 3756 420 3821 hanc
441 3753 538 3819 etiam
560 3752 642 3819 alios
664 3753 811 3834 honores,
837 3751 937 3818 veluti
959 3751 1144 3836 proxeuiam
1168 3759 1224 3817 aut
1239 3752 1402 3818 civitatem
1417 3759 1475 3818 aut
1490 3759 1610 3817 utram-

267 3900 329 3962 que
352 3876 568 3957 coniunctam‚
601 3881 668 3939 turn
698 3894 718 3939 a
743 3872 861 3958 populo
883 3873 916 3938 iu
939 3893 1011 3938 eum
1035 3873 1169 3938 collatos
1192 3893 1280 3954 csse,
1314 3872 1373 3937 scd
1402 3893 1511 3938 eorum
1541 3845 1609 3939 me·-

267 3999 399 4065 mon’am
421 3994 572 4061 inferiore
594 3993 713 4079 lapidis
735 3987 957 4079 parte'delcta
978 3992 1192 4059 intercidisse.
1239 3993 1336 4077 Atqui
1365 3994 1451 4078 quod
1473 3994 1514 4059 de
1536 4015 1610 4080 pro-

268 4120 364 4187 xeuia
386 4139 458 4185 cum
481 4116 613 4182 civitate
635 4114 805 4181 coniuncta
827 4113 904 4180 dicit
927 4114 1097 4180 manifesto
1121 4115 1237 4179 falsum
1261 4121 1325 4193 est;
1358 4136 1432 4180 narn
1457 4115 1604 4199 athaes,

267 4262 350 4327 quac
380 4260 440 4305 sua
466 4244 580 4302 natura
607 4234 757 4318 coniungi
786 4256 850 4301 non
874 4243 1008 4321 possunt
1029 4274 1072 4283 —
1093 4235 1305 4319 nequeenim
1328 4236 1497 4320 quisquam
1521 4236 1609 4302 eius-

267 4364 339 4429 dem
363 4359 512 4440 civitatis‚
538 4357 628 4423 cuius
651 4356 731 4421 civis
754 4363 820 4440 est,
846 4357 963 4442 hospes
986 4376 1059 4423 esse
1081 4362 1187 4442 potest
1206 4394 1250 4403 -
1270 4363 1378 4422 tamen
1400 4357 1523 4421 abolita
1544 4357 1610 4442 pri-

266 4486 351 4551 stina
373 4483 405 4547 vi
428 4500 499 4546 cum
522 4498 607 4542 rana
628 4477 787 4543 vocabula
808 4478 894 4542 facta
916 4484 1034 4559 esseut,
1061 4477 1094 4542 iu
1116 4476 1308 4562 quibusdam
1331 4477 1515 4543 civitatibus
1534 4497 1609 4543 con-

266 4605 397 4672 iunctim
412 4599 644 4678 tribuebantur,
666 4597 712 4663 ita
726 4596 862 4663 Athenis
877 4597 910 4663 id
925 4618 1098 4681 numquam
1115 4597 1234 4663 facturn
1250 4618 1323 4664 esse
1338 4605 1425 4663 certo
1440 4576 1559 4663 scimus
1569 4601 1605 4684 ²).

354 4777 370 4839 ¹)
392 4772 441 4828 Ad
465 4773 519 4827 hoc
541 4771 639 4840 utIquc
658 4770 761 4826 bellum
779 4769 914 4840 Polyaeni
933 4770 968 4825 de
987 4770 1136 4825 Phocionis
1154 4786 1216 4825 cunr
1234 4770 1420 4827 Athenodoro
1437 4786 1531 4839 pugna
1548 4788 1611 4826 nar-

264 4864 337 4920 ratio
356 4866 474 4933 spectat.
505 4857 547 4913 At
564 4874 636 4928 quac
655 4857 815 4928 Polyaenus
832 4855 894 4919 VII,
918 4858 958 4922 14,
973 4858 1040 4908 2-4
1059 4858 1095 4912 de
1114 4857 1227 4912 Orontis
1245 4864 1276 4913 et
1287 4855 1512 4928 Autophradatis
1530 4858 1607 4913 bello

265 4951 361 5011 habet,
381 4946 417 5002 ad
436 4946 621 5016 antiquiorem
640 4944 717 4999 illam
736 4943 918 4998 rebellionem
936 4944 1031 5013 potius
1049 4943 1214 4998 rettulerim.

351 5034 369 5098 2)
391 5034 462 5087 Nam
481 5033 517 5087 do
535 5032 688 5102 Hyperidis
706 5029 806 5098 fragm.
822 5028 854 5083 0.
869 5028 905 5084 A.
921 5029 964 5093 ll,
978 5031 1038 5094 288,
1053 5032 1068 5081 2
1086 5030 1134 5083 Tu
1151 5036 1228 5085 recte
1247 5031 1403 5101 exposuisti
1422 5031 1458 5084 de
1477 5032 1610 5100 proxenis

264 5120 478 5177 Atheniensium
496 5119 650 5186 Gottingae
672 5119 765 5185 191118
784 5135 810 5186 p.
833 5118 874 5168 11.
