4118 6240
439 631 498 692 174
998 629 1032 682 R.
1054 627 1220 683 SCHOELL

1069 821 1077 831 ἰ

434 817 614 904 κληρονόμοι
631 815 733 897 αὐτοῦ,
760 814 1077 905 καταβαλόντζεςρ
1105 820 1271 883 Δοαλεδσιν
1292 820 1553 904 (πεντακισχιλίας)
1575 815 1714 904 δραχμὰς
1730 816 1782 883 καί

435 935 488 1004 ἑοίν
516 942 599 1021 [τινα]
629 940 775 1023 μίσθωσιν
798 942 1048 1027 προσομείλωσιν,
1074 937 1352 1023 ἀποδίόλσθωσίαίν
1376 935 1504 1021 αζύίροῖς
1528 941 1554 1003 οἱ
1579 940 1782 1026 φρατρίαρχοι

435 1060 485 1125 καί
503 1060 629 1132 Δοαλεῖς
652 1056 684 1124 τδ
708 1060 848 1146 [lapdon
871 1057 1067 1146 κομισάμενοι
1091 1057 1123 1124 τδ
1147 1057 1302 1148 cip-pipios.
1343 1057 1395 1126 ἐὰν
1418 1059 1466 1142 δίὲ
1489 1057 1541 1145 μὴ]
1567 1056 1781 1148 καταβάλωσιν

433 1178 486 1254 τὰς
507 1181 767 1268 (πεντακισχιλίας)
788 1180 839 1245 καί
856 1178 908 1246 ἐάν
921 1207 948 1247 τι
961 1184 1229 1269 προσμρλείλωσιν
1244 1186 1297 1268 τῆς
1315 1177 1490 1267 μισθώσεως
1507 1183 1613 1253 ἐντοῖς
1629 1181 1702 1246 δέκα
1717 1180 1783 1246 its-

435 1328 491 1383 σιν,
518 1300 558 1388 μὴ
577 1301 655 1367 εἶναι
670 1298 816 1390 Διοδώρῳ
833 1302 909 1388 μηδὲ
925 1309 983 1367 τῶν
1000 1299 1156 1390 Διοδώρου
1173 1299 1280 1388 μηθενὶ
1297 1298 1473 1391 σονβόλαιον
1489 1299 1562 1389 πρὸς
1584 1300 1618 1368 τὸ
1640 1302 1782 1390 χωρίθον

433 1427 519 1488 τοῦτο
544 1424 657 1509 μηθέν,
691 1425 741 1488 καί
776 1420 1066 1513 μισθωσί<ν>τωσαν
1090 1425 1218 1497 Δυαλεῑς
1241 1416 1267 1510 ᾦ
1291 1418 1325 1488 δν
1350 1419 1517 1509 βούλωνται
1545 1427 1598 1489 τοῦ
1626 1425 1778 1489 πλείστου.

434 1544 581 1610 Editores
603 1566 634 1609 ν.
660 1548 712 1607 43.
739 1551 779 1609 44
803 1541 1058 1632 καταβαλόντίωνλ
1093 1545 1261 1630 supplent:
1295 1566 1357 1629 quo
1387 1554 1419 1610 et
1448 1553 1607 1611 structura
1629 1545 1783 1611 evertitur

434 1673 466 1730 et
488 1667 649 1731 sententia
672 1666 876 1740 obscuratum
912 1665 953 1732 ad
984 1667 1083 1731 rerba
1106 1673 1214 1731 autem
1237 1663 1289 1731 ἐὰν
1313 1665 1346 1730 δὲ
1370 1664 1515 1752 βούληται
1537 1687 1600 1731 non
1623 1687 1663 1731 ex
1686 1685 1782 1730 voca-

435 1786 510 1851 bulo
541 1783 778 1873 καταβαλόντες,
813 1786 871 1852 sed
904 1807 944 1850 ex
978 1785 1112 1870 spodosi
1146 1781 1364 1852 αἰποδόσθωσαν
1399 1783 1499 1860 αὐτοῖς
1528 1826 1571 1834 -
1600 1784 1633 1851 εδ
1666 1789 1779 1874 χωρίον

437 1908 694 1992 supplementum
728 1907 901 1992 petendum
936 1914 996 1973 est.
1050 1907 1249 1991 Quamquam
1285 1908 1387 1973 maior
1416 1914 1516 1973 restat
1544 1907 1719 1974 difficultas
1747 1909 1781 1972 in

433 2027 515 2112 ipsis
538 2028 716 2093 rationibus
739 2048 934 2093 summarum
957 2028 1080 2113 posita:
1107 2048 1202 2113 quam
1225 2049 1276 2094 me
1299 2030 1363 2093 alio
1385 2029 1455 2093 loco
1478 2030 1654 2094 soluturum
1674 2049 1779 2115 spero.

520 2148 586 2213 Sed
615 2149 679 2213 iam
702 2149 736 2213 in
758 2143 903 2213 ordinem
926 2170 976 2214 me
1000 2149 1130 2234 recipio.
1173 2149 1336 2214 Domiellii
1359 2156 1391 2214 et
1414 2150 1660 2235 propinquitatis
1681 2150 1780 2215 nexui

433 2268 500 2333 dixi
530 2268 563 2333 in
591 2270 682 2335 novis
711 2269 861 2355 phratriis
891 2270 1120 2355 componendis
1151 2289 1243 2335 suum
1266 2277 1459 2336 momentum
1483 2270 1635 2336 tributum
1659 2270 1777 2335 fuisse:

434 2410 496 2471 quo
527 2389 639 2454 eodem
671 2390 878 2456 fundamento
908 2389 1177 2474 quemadmodum
1201 2390 1384 2456 Clisthenes.
1407 2392 1439 2456 in
1463 2392 1556 2476 pagis
1578 2392 1621 2457 ad
1643 2391 1782 2456 admini-

433 2511 618 2575 strationem
650 2531 754 2575 rerum
785 2510 925 2576 civilium
957 2511 1109 2576 vocandis
1138 2531 1217 2575 usus
1248 2511 1290 2577 sit
1320 2532 1413 2577 nemo
1437 2512 1574 2595 ignorat.
1622 2513 1696 2576 Non
1718 2533 1780 2596 quo

433 2650 549 2696 norum
576 2630 658 2696 illud
688 2638 720 2696 et
749 2631 914 2714 singulare
940 2632 1061 2716 primus
1083 2633 1277 2716 reppererit:
1310 2633 1406 2697 immo
1428 2633 1503 2698 inde
1526 2654 1546 2697 a
1568 2633 1780 2699 remotissima

432 2757 539 2817 aetate
567 2751 630 2817 duo
660 2752 718 2817 illa
748 2753 909 2817 elementa
938 2752 1181 2836 antiquissimae
1211 2753 1374 2819 societatis
1397 2773 1500 2836 genus
1523 2761 1555 2819 et
1577 2754 1673 2820 sedes
1696 2754 1779 2819 exti-

432 2879 555 2937 terunt:
588 2893 672 2956 quae
702 2873 744 2937 ab
775 2873 898 2954 origine
921 2873 1011 2938 unita
1034 2873 1186 2958 deinceps
1208 2872 1395 2939 adversaria
1418 2874 1460 2939 ad
1483 2875 1631 2941 cititates
1654 2883 1779 2942 veteres

433 3013 543 3059 omnes
573 2992 757 3058 formandas
787 2994 931 3059 certatim
955 2994 1136 3059 valuerunt.
1184 2994 1290 3072 quida
1333 2995 1583 3060 Praelerendam
1606 3015 1677 3061 esse
1700 3017 1780 3079 gen-

432 3113 541 3179 tilitati
562 3114 758 3179 vicinitatem
781 3114 846 3179 iam
870 3116 1029 3179 Ascraeus
1053 3121 1143 3179 vates
1166 3116 1288 3180 monuit
1310 3116 1376 3180 illis

638 3232 687 3299 τὸν
712 3234 744 3299 δὲ
769 3231 897 3320 μάλιστα
920 3237 1024 3300 καλεῖν
1047 3227 1126 3309 δστις
1150 3237 1238 3302 σέθεν
1262 3233 1366 3322 ἐγγύθι
1389 3238 1482 3301 ναίει·

639 3358 666 3421 εί
688 3353 746 3443 γάρ
768 3381 814 3421 τοι
836 3353 885 3421 καὶ
907 3353 1004 3444 χρῆμ’
1032 3354 1179 3442 ἐγκώμιον
1203 3351 1278 3423 ἄλλο
1301 3361 1435 3444 γένηται,

638 3477 766 3563 γείτονες
790 3470 918 3550 ἄζωστοι
941 3478 1031 3557 ἔκιον,
1059 3473 1192 3549 ζώσαντο
1216 3478 1249 3543 δὲ
1271 3479 1354 3564 πηοί.

431 3602 536 3684 Atque
558 3597 645 3684 apud
667 3598 790 3664 Atticos
812 3599 934 3683 priscos
957 3619 1028 3663 cum
1051 3599 1213 3684 phratrias
1235 3600 1427 3683 gentilitatis
1448 3607 1555 3665 notam
1579 3608 1613 3666 et
1636 3600 1777 3666 indolem

431 3721 588 3804 integram
620 3741 720 3803 usque
750 3720 793 3786 ad
816 3719 992 3785 Clisthenis
1020 3727 1164 3805 tempora
1193 3721 1382 3800 retinerent,
1416 3741 1437 3784 a
1459 3720 1633 3786 vicinitatis
1656 3722 1777 3787 ratione

432 3842 607 3928 profectum
631 3848 680 3906 est
702 3840 880 3906 institutum
904 3841 1140 3906 naucrariarum
1166 3849 1197 3905 et
1219 3841 1363 3924 trittyum
1387 3841 1575 3925 regionatim
1600 3842 1778 3928 ‹lescripta-

432 3983 520 4027 rum:
553 3962 686 4046 eiusque
710 3982 812 4027 nexus
833 3962 1019 4034 memoriam
1042 3961 1197 4045 religione
1221 3968 1253 4027 et
1275 3961 1425 4027 diutuma
1447 3962 1678 4028 consuetudine
1701 3984 1778 4028 san-

432 4084 527 4149 citam
550 4084 732 4149 communia
746 4082 976 4169 Epacrensium
992 4083 1213 4166 Mesogeorum
1229 4081 1499 4167 Tetrapolitarum
1523 4121 1564 4130 —
1587 4091 1622 4148 nt
1636 4084 1687 4149 his
1706 4091 1777 4150 utar

430 4225 514 4288 quae
537 4211 624 4269 certa
646 4210 720 4269 sunt
744 4241 784 4250 -
807 4205 891 4270 ultra
913 4203 1089 4269 Clisthenis
1111 4210 1250 4269 aetatem
1273 4203 1315 4267 ad
1338 4202 1465 4268 tertium
1489 4204 1585 4268 etiam
1612 4206 1776 4270 saeculum

431 4347 461 4390 a.
488 4326 563 4391 Chr.
589 4331 815 4410 propagarunt.
871 4326 939 4389 Iam
971 4324 1154 4389 Clisthenes
1184 4325 1345 4390 elementa
1372 4324 1430 4388 illa
1460 4323 1515 4388 din
1544 4325 1703 4390 contraria
1731 4327 1778 4391 ita

431 4455 628 4531 temperasse
652 4445 831 4511 censendus
854 4453 976 4527 estut,
1010 4464 1082 4509 cum
1109 4444 1249 4511 civitatis
1271 4445 1342 4509 iura
1363 4452 1428 4510 tam
1452 4467 1492 4511 ex
1515 4445 1658 4529 phratria
1680 4467 1775 4530 quam

431 4587 470 4633 ex
494 4588 578 4652 pago
601 4567 725 4633 censeri
747 4567 863 4648 vellet,
897 4566 1048 4649 gentibus
1071 4566 1214 4651 patriciis
1235 4566 1270 4630 in
1293 4585 1393 4630 novas
1415 4566 1575 4651 phratrias
1598 4568 1776 4633 distributis

431 4689 515 4753 alias
538 4695 651 4771 gentes
674 4689 725 4753 vel
749 4687 922 4752 simulacra
944 4687 1088 4770 gentium
1110 4686 1303 4771 adiungeret
1325 4687 1447 4752 ratione
1470 4688 1582 4753 habita
1608 4688 1772 4771 domicilii,

430 4809 572 4894 pagatim
604 4829 679 4875 vero
709 4809 777 4873 solo
801 4809 904 4874 Attico
934 4808 1038 4872 diviso
1067 4808 1157 4892 ipsos
1184 4829 1285 4894 pagos
1314 4808 1404 4872 nullo
1434 4809 1608 4874 vicinitatis
1630 4817 1775 4894 respectu

431 4930 617 4995 discriberet
645 4930 678 4994 in
706 4950 806 4995 novas
838 4929 957 5006 tribus,
991 4949 1073 5012 quac
1103 4929 1232 5012 quidem
1261 4929 1345 4994 omni
1377 4929 1503 4994 vinculo
1533 4938 1565 4994 et
1594 4930 1722 5013 generis
1744 4939 1777 4995 et

431 5051 517 5117 sedis
541 5052 665 5117 solutae
689 5071 753 5115 una
775 5050 899 5116 ratione
923 5049 1011 5116 civili
1033 5050 1280 5117 continerentur.
