4206 6248
499 644 540 707 80
1055 640 1089 696 U.
1109 639 1288 697 KOEHLER

500 831 641 898 Graecos
678 832 860 917 adpellatos
894 831 995 898 fuisse
1029 831 1117 897 fama
1150 829 1309 913 quaedam
1344 829 1484 911 ferebat,
1525 836 1636 915 aperte
1670 829 1842 913 significat.

500 953 613 1037 Neque
642 972 717 1018 vero
745 952 850 1018 eidem
873 951 986 1018 Niesio
1015 951 1095 1017 fides
1123 951 1274 1018 habenda
1296 958 1346 1016 est
1366 949 1530 1016 adserenti
1553 950 1701 1017 versibus
1723 951 1845 1016 Home·
1950 982 1953 991 ·

498 1073 573 1139 ricis
595 1073 799 1139 Aristotelem
828 1073 992 1140 inductum
1022 1093 1111 1154 esse,
1145 1079 1181 1138 ut
1208 1071 1364 1138 diluvium
1387 1071 1594 1137 Deucalionis
1624 1078 1656 1138 et
1678 1072 1842 1156 antiquam

499 1193 638 1259 Hellade
660 1215 701 1260 ex
722 1194 895 1261 Thessalia
916 1195 949 1259 in
966 1194 1098 1280 Epirum
1120 1193 1317 1259 transferret.
1366 1191 1405 1258 Id
1427 1192 1511 1257 enim
1535 1192 1704 1277 quominus
1726 1191 1845 1258 admit-

498 1321 620 1398 tamus,
652 1314 735 1381 illud
757 1316 897 1380 maxime
918 1315 1072 1401 impedit,
1104 1314 1190 1399 quod
1211 1313 1346 1396 antiqua
1367 1313 1481 1378 Hellas
1503 1312 1588 1377 eirca
1610 1312 1778 1379 Dodonam
1805 1320 1844 1378 et

499 1435 724 1501 Acheloum
748 1436 810 1502 sita
829 1435 932 1501 fuisse
947 1436 988 1501 ab
1004 1435 1175 1501 Aristotele
1191 1434 1316 1501 dicitur.
1356 1433 1438 1498 Nam
1455 1432 1589 1499 Acheloi
1604 1434 1723 1499 mentio
1738 1455 1842 1516 neque

498 1557 532 1622 in
555 1556 702 1622 versibus
724 1556 837 1622 Iliadis
865 1556 1001 1623 occurrit
1030 1563 1062 1622 et
1089 1555 1313 1621 difficultatem
1336 1555 1435 1620 hahet
1460 1553 1549 1620 haud
1570 1575 1721 1640 parvam,
1747 1575 1844 1638 qnam

498 1677 689 1743 Aristoteles
718 1697 881 1743 removere
911 1676 1018 1743 studet
1047 1676 1164 1741 flumen
1187 1675 1317 1760 saepius
1341 1695 1468 1741 cursum
1491 1683 1633 1741 mutasse
1656 1674 1841 1740 adfirmans.

499 1799 689 1864 Aristoteles
710 1797 809 1881 igitur
831 1798 950 1863 famam
972 1797 1101 1863 novisse
1123 1796 1356 1863 existimandus
1379 1801 1444 1876 est,
1470 1817 1554 1880 quae
1576 1796 1737 1862 referebat
1760 1796 1846 1862 dilu-

499 1919 586 1984 vium
611 1918 816 1985 Deucalionis
838 1918 872 1984 in
894 1918 990 2006 Epiro
1012 1916 1181 1983 accidisse.

586 2041 655 2106 Nec
681 2037 798 2105 desunt
819 2059 897 2104 sane
919 2038 990 2104 eius
1012 2037 1119 2104 famae
1141 2037 1289 2121 vestigia.
1335 2037 1467 2102 Niesius
1488 2038 1558 2123 ipse
1581 2036 1669 2103 haud
1690 2037 1846 2104 inmemor

500 2160 563 2227 fuit
584 2181 704 2243 eorum,
731 2179 814 2243 quae
837 2160 1027 2226 Plutarchus
1050 2159 1141 2224 initio
1163 2158 1249 2224 vitae
1272 2157 1387 2243 Pyrrhi
1410 2158 1553 2243 scripsit:
1588 2158 1771 2247 Θεσπρωτῶν
1793 2159 1845 2225 καί

504 2280 671 2346 Μολοσσῶν
695 2278 770 2366 μετὰ
792 2277 842 2346 τόν
864 2276 1074 2366 κατακλυσμὸν
1098 2280 1246 2366 ἱστοροῦσι
1263 2280 1423 2344 Φαέθοντα
1449 2282 1626 2367 βασιλεῦσαι
1640 2285 1769 2367 πρῶτον,
1792 2283 1847 2346 ἕνα

500 2405 556 2467 τῶν
572 2399 647 2489 μετὰ
664 2401 824 2488 Πελασχοῦ
838 2402 1091 2489 παραγενομένων
1106 2401 1149 2473 είς
1171 2395 1224 2486 τὴν
1240 2393 1398 2487 Ἤπειρον·
1432 2399 1507 2465 ἔνιοι
1529 2399 1563 2465 δὲ
1578 2401 1774 2468 Δευκαλίωνα
1796 2401 1847 2468 καί

500 2519 623 2611 Πύρραν
647 2524 822 2609 εἱσαμένους
852 2520 885 2587 τὸ
912 2521 980 2609 περὶ
1004 2518 1150 2607 Δωδώνην
1183 2517 1261 2609 ἱερὸν
1292 2516 1400 2586 αύτόθι
1432 2525 1583 2586 κατοικεῖν
1606 2525 1638 2588 έν
1663 2521 1841 2598 Μολοσσοῖς.

499 2639 601 2732 χρόνῳ
632 2643 664 2709 δὲ
694 2635 817 2732 θστερον
843 2638 1052 2728 Νεοπτόλεμος
1075 2639 1091 2706 δ
1112 2638 1273 2730 Ἀχιλλέως
1298 2639 1373 2707 λαὸν
1397 2638 1518 2728 dumpho
1543 2638 1632 2716 αύτός
1654 2668 1686 2709 τε
1708 2641 1761 2731 τὴν
1783 2641 1847 2733 χώ-

499 2790 554 2852 ραν
577 2765 706 2852 κατέσχε
728 2769 814 2843 κτλ.;
847 2765 992 2848 seqnitur
1013 2763 1172 2829 enarratio
1195 2763 1304 2848 stirpis
1325 2762 1436 2845 regiae
1459 2763 1685 2845 Molossomm,
1720 2765 1760 2830 de
1783 2786 1847 2850 qua

499 2907 572 2951 mox
602 2886 749 2972 pluribus
777 2885 948 2951 dicendum
978 2884 1049 2950 eu't.
1096 2885 1240 2950 Euernnt
1260 2884 1376 2968 igitur,
1408 2883 1462 2968 qui
1485 2883 1653 2950 crederent
1674 2886 1847 2952 Deucalio-

499 3027 571 3072 nem
595 3012 668 3092 post
689 3006 847 3072 diluvium
869 3006 901 3071 in
919 3005 1016 3091 Epiro
1039 3025 1204 3088 regnasse.
1253 3006 1294 3071 Et
1316 3005 1378 3071 nisi
1401 3003 1497 3070 fallor
1518 3005 1614 3071 etiam
1631 3006 1712 3072 illud
1727 3028 1847 3091 magna

499 3135 585 3194 certe
614 3148 687 3192 cunr
717 3127 943 3212 probabilitate
973 3126 1036 3192 dici
1065 3123 1186 3211 potes‘l',
1220 3125 1306 3191 unde
1336 3126 1542 3208 Plutarchus,
1576 3146 1659 3209 quae
1686 3127 1726 3193 de
1756 3148 1847 3194 sacro

499 3247 675 3313 Dodonaeo
697 3247 930 3312 aDeucalioue
954 3246 1081 3312 condito
1104 3245 1211 3328 refert,
1237 3246 1407 3332 acceperit.
1455 3245 1601 3312 Niesium
1623 3248 1707 3313 enirn
1722 3248 1846 3333 fugisse

499 3368 666 3452 videntur,
698 3388 782 3451 quae
812 3388 883 3433 cum
915 3367 994 3432 alibi
1021 3373 1088 3432 tum
1119 3367 1151 3432 in
1182 3366 1397 3450 etymologico
1419 3387 1536 3451 magno
1558 3368 1738 3435 referuntur
1760 3390 1787 3435 s.
1812 3392 1844 3435 ν.

501 3490 681 3563 Δωδωναῖος
707 3538 714 3553 .
743 3539 750 3553 .
777 3489 949 3554 Δευκαλίων
974 3484 1048 3573 μετὰ
1071 3484 1120 3552 τὸν
1144 3484 1192 3553 ἐπ’
1221 3483 1313 3552 αὐτοῦ
1335 3483 1493 3575 γενόμενον
1516 3487 1726 3576 κατακλυσμὸν
1741 3516 1843 3578 παρα-

499 3606 655 3698 γενόμενος
689 3611 732 3683 εἰς
761 3607 814 3694 την
837 3601 983 3696 Ἤπειρον
1012 3603 1191 3693 ἐμαντεύετο
1221 3609 1253 3672 έν
1282 3633 1319 3695 τη
1349 3606 1427 3694 δρυΐ.
1474 3605 1617 3683 αελιοίδος
1648 3610 1682 3676 δὲ
1710 3609 1847 3700 χρησμὸν

501 3727 584 3820 αύτῷ
612 3726 722 3817 δούσης
750 3731 913 3802 κατοικίζει
940 3726 989 3795 τόν
1017 3725 1106 3795 τόπον
1130 3731 1330 3816 συναθροίσας
1353 3726 1420 3803 τούς
1442 3731 1691 3818 περιλειφθέντας
1714 3728 1772 3797 ἀπὸ
1794 3738 1848 3798 τοῦ

499 3855 711 3938 κατακλυσμοῦ
735 3904 742 3917 .
771 3902 778 3916 .
804 3847 824 3937 ἡ
849 3850 963 3938 ἱστορία
985 3847 1068 3938 παρὰ
1092 3845 1298 3939 Θρασυβούλῳ
1321 3849 1372 3914 καί
1392 3847 1612 3938 Ἀκεστοδιύριρ.
1661 3852 1710 3918 Cf.
1730 3854 1841 3939 Sceph.

501 3973 579 4059 Byr.
605 3991 631 4038 s.
657 3993 687 4038 v.
736 3967 868 4057 Δωδώνη
898 3979 1041 4057 atquae
1072 3972 1203 4055 collegit
1231 3972 1366 4037 Carolus
1382 3971 1532 4036 Mueller·
1561 3971 1599 4038 fr.
1629 3972 1703 4038 hist.
1731 3973 1787 4038 Gr.
1812 3942 1845 4039 ΪΙ

500 4115 531 4179 p.
558 4096 621 4158 463
639 4114 709 4178 sqq.
763 4094 831 4158 Iam
863 4093 1049 4159 Acestodori
1078 4093 1213 4176 libmm,
1250 4113 1344 4176 quem
1374 4092 1537 4178 inscripsit
1565 4092 1632 4180 περὶ
1660 4089 1794 4179 πόλεων,
1827 4116 1848 4160 a

500 4214 673 4281 Plutarcho
703 4214 821 4279 lectum
851 4233 923 4280 esse
953 4214 1081 4297 exeis,
1119 4233 1201 4298 quae
1223 4213 1257 4278 in
1279 4215 1347 4280 vita
1369 4214 1595 4280 Themistoclis
1619 4235 1646 4280 c.
1665 4215 1740 4279 XIV
1771 4216 1847 4282 inde

500 4335 654 4421 sumpsit,
687 4334 896 4400 concluditur.
944 4335 1057 4419 Itaque
1086 4335 1165 4399 mihi
1195 4334 1324 4418 quidem
1354 4335 1485 4400 dubium
1508 4355 1572 4400 non
1595 4343 1660 4417 est,
1693 4336 1770 4420 quin
1792 4359 1843 4420 ea,

500 4477 582 4541 quae
604 4455 696 4522 initio
718 4455 806 4522 vitae
828 4454 944 4540 Pyrrhi
967 4456 1007 4522 de
1031 4455 1172 4522 exordiis
1194 4456 1317 4521 oraculi
1338 4455 1505 4522 Dodonaei
1528 4456 1643 4542 refert,
1670 4479 1710 4524 ex
1733 4460 1846 4525 eodem

500 4576 687 4642 Acestodori
718 4576 799 4642 libro
828 4575 1013 4641 adsciverit.
1061 4577 1109 4642 Ac
1134 4596 1228 4642 nemo
1251 4597 1329 4642 sane
1352 4577 1448 4643 facile
1470 4577 1595 4662 putabit
1616 4579 1846 4645 Acestodomm

500 4696 824 4783 Megalopolitanum,
857 4696 912 4780 qni
935 4696 1050 4763 librum
1074 4696 1140 4784 περὶ
1163 4693 1280 4762 πόλεων
1304 4699 1481 4782 composuit
1508 4699 1627 4784 (Steph.
1654 4701 1734 4785 Byr.
1760 4719 1785 4764 s.
1813 4721 1843 4764 v.

502 4815 739 4904 Μεραλότολις),
766 4816 969 4882 Aristotelem
993 4824 1099 4883 aetate
1122 4838 1276 4905 superare
1291 4856 1333 4866 -
1348 4818 1389 4884 de
1404 4819 1600 4905 Thrasybuli
1616 4828 1724 4886 autern
1739 4828 1846 4888 aetate

500 4958 563 5004 non
593 4938 699 5023 magis
729 4944 855 5004 constat
884 4960 979 5023 quam
1003 4937 1043 5005 de
1066 4939 1254 5005 Acestodorl
1276 4960 1335 5006 nec
1357 4940 1440 5006 liber
1462 4941 1531 5006 eius
1553 4940 1710 5025 quomodo
1732 4941 1846 5008 inscri-

499 5067 574 5150 ptus
604 5059 702 5141 fuerit
731 5058 890 5125 novimus.
936 5061 1006 5126 Nec
1038 5080 1113 5126 vero
1143 5061 1248 5146 magis
1275 5061 1505 5128 Acestodomm
1533 5062 1567 5127 in
1596 5063 1662 5145 eis,
1695 5083 1778 5147 qnae
1805 5062 1847 5132 de
