4118 6240
482 623 541 685 140
1046 619 1078 674 F.
1098 618 1265 675 SCHOELL

475 816 594 896 poeta?
637 808 744 888 Quare
767 809 821 892 qui
844 809 985 895 potuerit
1007 811 1163 875 nonnulla
1184 809 1344 890 omittere,
1379 828 1419 874 ex
1448 809 1606 875 communi
1629 807 1825 873 Graecorum

478 931 631 997 memoria
646 931 875 1014 intellegimus,
901 929 1128 1010 summiserit,
1155 951 1218 995 non
1240 929 1467 1013 intellegimus.
1508 908 1625 1018 Omisit
1646 948 1721 995 vero
1744 947 1827 1011 quae

477 1073 541 1118 non
565 1053 707 1118 iacerent
728 1051 771 1117 ad
792 1050 963 1117 consilium
985 1072 1049 1135 quo
1072 1050 1186 1117 duetus
1208 1050 1251 1116 ad
1273 1051 1417 1116 fabulam
1437 1050 1651 1116 enarrandam
1665 1047 1827 1115 Hesiodus

477 1174 669 1239 deverterat.
708 1173 855 1256 Namque
871 1172 905 1237 in
919 1172 1106 1256 Theogonis
1127 1172 1268 1239 illustrat
1289 1192 1386 1254 quam
1408 1191 1558 1257 perverse
1574 1170 1699 1256 perdite
1715 1169 1825 1255 perni-

477 1295 565 1361 ciose
594 1294 802 1360 Prometheus
829 1295 939 1360 lovem
968 1294 1180 1378 impugnarit:
1222 1293 1256 1358 in
1284 1293 1370 1360 Iovis
1399 1293 1485 1360 enim
1519 1292 1669 1358 bonorem
1698 1311 1824 1356 omnem

477 1415 605 1481 omnino
627 1414 847 1500 Theogoniam
870 1415 1078 1500 compositam
1100 1435 1173 1481 esse
1196 1414 1278 1480 adeo
1300 1422 1447 1498 apertum
1475 1414 1670 1499 planumque
1693 1420 1756 1494 est,
1791 1420 1825 1479 ut

477 1535 595 1602 exinde
618 1538 720 1603 multa
741 1536 953 1603 declarentur.
1000 1535 1158 1614 Quocirca
1179 1515 1409 1602 attendendum
1424 1536 1468 1602 ibi
1484 1543 1564 1618 erat,
1590 1543 1625 1600 ut
1639 1534 1825 1619 diligentius

477 1657 700 1742 designaretur
733 1666 765 1724 et
789 1657 882 1723 fraus
911 1657 968 1722 illa
997 1677 1060 1740 qua
1088 1677 1123 1722 se
1152 1656 1284 1722 deorum
1306 1657 1483 1743 principem
1506 1656 1672 1741 decepisse
1695 1657 1826 1721 Prome-

476 1779 570 1845 theus
592 1800 677 1845 vana
699 1780 848 1864 opinatus
871 1786 941 1844 erat
962 1777 1124 1863 superbia,
1150 1784 1183 1844 et
1204 1798 1309 1862 poena
1330 1785 1451 1844 tanum
1470 1798 1552 1862 quae
1568 1777 1740 1843 subsecuta
1755 1782 1824 1840 erat

476 1900 670 1984 superbiam.
724 1901 896 1965 Praeterea
926 1899 1023 1964 etiam
1052 1899 1085 1963 in
1108 1898 1298 1982 Theogonis
1326 1899 1482 1982 estquod
1504 1919 1568 1963 uon
1594 1897 1700 1963 minus
1722 1896 1824 1962 obiter

475 2020 633 2087 indicetur
654 2042 750 2105 quam
773 2041 825 2086 res
848 2020 941 2085 modo
963 2026 1230 2086 commemoratae
1251 2020 1285 2085 in
1301 2020 1459 2106 Operibus
1481 2040 1521 2085 ac
1543 2019 1675 2098 Diebus,
1702 2017 1822 2102 quippe

474 2161 546 2206 eum
576 2141 656 2207 illud
684 2148 799 2226 poetae
825 2141 993 2207 eonsilium
1022 2162 1086 2206 non
1115 2140 1299 2224 attingeret.
1355 2140 1448 2207 Unde
1478 2140 1563 2207 enim
1593 2139 1733 2206 exoritur
1754 2138 1822 2205 illie

475 2261 585 2328 fabula
607 2284 637 2327 v.
665 2267 727 2328 535

704 2381 755 2449 καὶ
776 2380 835 2470 γὰρ
857 2379 900 2448 ‘dt'
929 2386 1080 2471 ἐκρίνοντο
1104 2384 1171 2449 θεοὶ
1193 2385 1299 2468 θνητοί
1320 2379 1347 2448 τ’
1373 2378 1542 2470 ἄνθρωποι,

474 2504 703 2588 quaerentibus
726 2505 818 2571 nobis
841 2526 924 2589 quae
946 2513 979 2571 et
1000 2505 1105 2589 qualis
1128 2525 1227 2571 causa
1249 2505 1333 2571 inter
1359 2504 1438 2571 deos
1467 2503 1675 2588 hominesque
1697 2504 1821 2587 agitata

474 2626 667 2709 placataque
695 2627 754 2709 sit,
787 2626 866 2691 nibil
897 2626 1126 2711 respondetur:
1166 2626 1244 2710 quin
1270 2627 1367 2691 immo
1397 2625 1480 2690 banc
1509 2645 1575 2690 rem
1605 2625 1670 2691 iam
1692 2635 1821 2710 propter

474 2745 608 2811 sontium
638 2747 805 2831 penuriam
835 2769 897 2813 non
920 2748 1000 2813 satis
1022 2768 1081 2812 nos
1109 2747 1261 2832 expedire
1284 2751 1470 2833 possumus!
1512 2753 1547 2811 at
1569 2746 1623 2829 qui
1645 2747 1821 2812 audiebant

473 2866 649 2933 Hesiodum
678 2869 789 2953 procul
819 2868 916 2934 dubio
946 2869 1028 2935 bene
1051 2889 1122 2933 eam
1145 2875 1339 2955 compertam
1368 2867 1548 2948 habebant,
1582 2874 1618 2932 ut
1646 2867 1819 2951 praeterire

473 2995 588 3072 poetae
623 2988 746 3069 liceret,
783 3009 866 3072 quae
900 2989 1005 3055 minus
1036 2989 1220 3056 viderentur
1251 2988 1436 3056 necessaria
1457 2989 1500 3054 ad
1522 2988 1651 3054 fabulae
1675 2994 1817 3055 tenorem

447 3090 566 3191 ¹quem
588 3109 622 3175 in
644 3110 834 3194 Theogonis
856 3117 1010 3176 servaret.
1063 3112 1131 3176 Iam
1160 3132 1237 3194 ergo
1265 3110 1378 3177 eodem
1408 3128 1537 3194 prorsus
1559 3108 1653 3175 modo
1675 3109 1709 3175 in
1731 3108 1819 3194 Ope·

471 3229 559 3295 ribus
581 3251 620 3296 ae
643 3231 765 3298 Diebus
787 3252 870 3315 quae
893 3231 1075 3315 significata
1098 3241 1173 3297 sunt
1195 3231 1394 3319 significasse
1417 3231 1496 3296 satis
1516 3230 1629 3296 habuit
1645 3240 1755 3316 poeta:
1782 3232 1815 3296 in

471 3350 531 3416 hoc
552 3351 636 3417 enim
659 3351 800 3417 carmine
830 3372 892 3417 non
922 3352 1025 3436 ipsam
1048 3351 1227 3418 Promethei
1253 3353 1403 3436 levisque
1433 3352 1520 3418 litem
1543 3359 1730 3438 persecutus
1753 3360 1811 3434 est,

470 3473 530 3538 sed
559 3472 701 3556 peiorem
732 3473 765 3538 in
798 3472 884 3538 omni
917 3473 984 3539 vita
1013 3473 1154 3538 humana
1183 3472 1401 3539 condicionem
1431 3494 1472 3538 ex
1501 3473 1557 3540 lite
1586 3473 1644 3540 illa
1670 3474 1815 3540 derivare

470 3592 593 3658 studuit
608 3594 644 3676 ¹).
691 3595 740 3658 Ex
763 3593 822 3659 hoc
844 3600 958 3678 poetae
981 3593 1087 3659 studio
1110 3601 1142 3659 et
1170 3614 1253 3677 quae
1276 3593 1383 3659 omisit
1405 3601 1437 3661 et
1461 3615 1543 3679 quac
1572 3594 1720 3679 exposuit
1741 3615 1816 3680 per-

557 3855 573 3917 1)
595 3854 647 3920 Qui
670 3855 706 3908 ad
731 3852 904 3908 inferendam
930 3853 1053 3909 fabulam
1078 3855 1234 3909 descendat
1252 3861 1337 3923 poeta
1356 3871 1411 3925 quo
1430 3855 1530 3909 melius
1547 3861 1696 3924 appareat,
1723 3871 1814 3926 pauca

361 3996 362 4000 ,
467 3940 600 3994 addenda
624 3946 689 3995 suut
713 3941 750 3994 de
774 3940 903 3996 versibus
927 3942 1035 4010 lttsqq.
1060 3942 1225 4010 saepissime
1249 3957 1394 4011 perperam
1420 3942 1559 3996 tractatis.
1602 3941 1644 3995 Eo
1668 3942 1740 3996 enim
1765 3943 1812 4012 qui

468 4026 611 4082 antecedit
629 4044 713 4081 versu
732 4042 793 4081 cum
814 4029 928 4096 egregie
946 4027 1155 4083 Seboemannus
1173 4029 1311 4097 probante
1329 4027 1446 4081 Flacbio
1465 4028 1622 4082 restituerit
1640 4028 1665 4080 ol
1682 4028 1757 4097 τήνδε
1776 4029 1813 4081 u-

467 4132 516 4182 κην
536 4113 684 4167 ἐθέλοντι
705 4113 880 4176 δίκασσαι,
901 4115 972 4169 satis
990 4115 1089 4169 mirum
1109 4122 1153 4169 est
1171 4114 1222 4169 bos
1240 4115 1318 4184 ipsos
1335 4114 1450 4168 criticos
1467 4144 1502 4153 -
1519 4130 1610 4184 neque
1622 4115 1679 4169 alia
1691 4116 1813 4170 Hetzelii

466 4205 511 4254 est
534 4200 629 4269 opinio
652 4217 768 4269 prorsus
792 4201 845 4255 hoc
870 4203 932 4255 loco
957 4201 1157 4256 delirantis-
1180 4218 1279 4257 versus
1297 4203 1339 4254 to.
1360 4202 1389 4252 ll
1418 4218 1436 4255 a
1458 4201 1599 4270 prioribus
1623 4202 1758 4257 divellere
1783 4211 1812 4257 et

466 4287 647 4354 compositori
661 4288 794 4342 tribuere.
832 4283 921 4356 Atqui
940 4288 990 4342 illa
1008 4288 1119 4342 demum
1139 4290 1280 4356 scriptura
1298 4288 1423 4358 reposita
1440 4288 1525 4342 etiam
1544 4287 1571 4341 bi
1591 4305 1689 4343 versus
1707 4289 1811 4359 optime

466 4372 631 4442 procedunt.
669 4372 723 4427 Per
747 4390 778 4429 se
802 4379 897 4427 autem
922 4373 1029 4428 absona
1048 4381 1092 4428 est
1110 4374 1206 4443 opinio
1225 4390 1324 4430 versus
1343 4374 1479 4429 sermonis
1497 4375 1671 4444 proprietate
1688 4392 1743 4430 non
1762 4378 1813 4431 mi-

466 4475 519 4514 nus
537 4474 620 4528 quam
639 4475 738 4515 sensus
756 4461 877 4527 argutiis
895 4461 1020 4528 insignes

774 4547 862 4615 νήπιοι
881 4545 940 4598 οὐδὲ
958 4546 1038 4599 ἴσασιν
1057 4546 1109 4617 ὅσῳ
1129 4546 1206 4600 πλέον
1225 4546 1305 4616 ἥμισυ
1325 4549 1418 4606 παντὸς

775 4631 832 4685 ott‘
850 4629 909 4685 ὅσον
929 4633 955 4687 ἐν
975 4632 1081 4706 μαλάχῃ
1100 4652 1126 4686 τε
1145 4634 1189 4686 ani
1207 4633 1343 4704 ἀσφοδέλῳ
1362 4632 1422 4705 μέγ’
1440 4633 1522 4705 ὄνειαρ

468 4722 537 4777 ‘non
555 4718 640 4772 aliam
659 4719 696 4773 ob
715 4734 828 4774 causam
846 4720 969 4774 insertos
987 4736 1059 4785 esse,
1084 4737 1166 4789 quam
1186 4727 1217 4775 ut
1236 4721 1371 4774 transitus
1389 4721 1426 4775 ad
1445 4722 1636 4790 insequentem
1655 4725 1812 4793 expositio-

467 4820 527 4858 nem
547 4803 607 4859 fieri
625 4805 739 4875 possit‘.
771 4806 857 4861 'l'ales
875 4822 974 4861 versus
993 4807 1134 4876 quomodo
1153 4808 1307 4877 comparati
1322 4823 1385 4863 esse
1397 4807 1517 4870 soleant,
1537 4816 1604 4879 apte
1617 4809 1810 4867 demonstrant

464 4906 564 4945 versus
585 4892 633 4942 106
646 4908 706 4961 sq,
732 4893 835 4961 quibus
860 4893 953 4947 aliena
972 4893 1021 4948 illa
1039 4893 1075 4947 de
1093 4894 1216 4963 quinque
1235 4895 1378 4949 aetatibus
1397 4892 1494 4950 sabula
1511 4897 1589 4950 tenui
1607 4896 1655 4949 filo
1674 4899 1810 4953 constrin-

463 4976 547 5044 gitur,
569 4978 731 5049 similesque
751 4979 815 5033 loci.
848 4980 954 5034 Versus
972 4982 1005 5030 lb
1019 4996 1060 5050 sq.
1081 4980 1105 5033 si
1125 4981 1171 5049 qui
1191 4980 1239 5034 alii
1259 4980 1361 5048 integri
1379 4989 1446 5037 crint
1463 4982 1705 5051 atquellesiorlei.
1737 4986 1811 5051 Quo

464 5080 524 5119 rum
542 5080 674 5120 versuum
693 5081 755 5120 cum
773 5066 850 5135 prior
868 5065 980 5120 modum
999 5067 1177 5122 commendet
1195 5068 1336 5136 posterior
1354 5066 1545 5139 frugalitatem
1564 5075 1666 5138 arguto
1690 5077 1809 5143 uterque
