4206 6248
281 1749 352 1848 llll
376 1751 790 1852 ANTIQUISSIMIS
815 1752 1047 1853 NOMINIS
1075 1753 1370 1852 HELLENICI
1392 1750 1624 1852 sturnus

884 1980 1022 2023 scnlrsr'r

737 2121 931 2192 Ululeus
953 2123 1171 2192 Ronanus

368 2452 543 2518 Verissime
573 2451 768 2519 Benedictus
796 2452 896 2519 Niese
925 2453 958 2520 in
988 2454 1127 2521 Hermae
1158 2454 1222 2519 vol.
1242 2453 1307 2519 XII
1332 2475 1363 2539 p.
1383 2458 1446 2519 409
1469 2475 1540 2538 sqq.
1567 2453 1626 2522 de-

283 2581 478 2640 monstrasse
508 2574 588 2639 mihi
610 2574 747 2659 videtur,
780 2574 865 2658 quod
881 2574 1071 2641 Aristoteles
1093 2574 1242 2640 adfirmat
1256 2575 1411 2641 Hellenes
1434 2576 1628 2660 eosdemque

283 2693 425 2760 Graecos
453 2695 591 2781 primunr
621 2695 654 2760 in
676 2695 773 2781 Epiro
799 2695 984 2761 consedisse
1007 2702 1039 2762 et
1060 2696 1225 2780 antiquam
1249 2695 1389 2762 Hellada
1411 2696 1497 2764 cirea
1518 2697 1627 2763 Dodo-

282 2836 356 2880 nam
387 2815 480 2881 sitam
511 2815 630 2900 inisse,
662 2816 697 2882 id
726 2837 789 2882 non
810 2816 905 2903 [lama
933 2816 1066 2901 antiqua
1086 2816 1164 2900 niti,
1198 2817 1257 2883 sed
1279 2824 1385 2884 aetate
1408 2818 1487 2884 satis
1509 2818 1630 2885 recenti

283 2936 498 3019 excogitatum
528 2956 610 3002 esse.
659 2939 738 3004 Cum
761 2944 868 3004 autern
892 2938 970 3004 satis
992 2944 1112 3004 eertum
1136 2937 1178 3003 sit
1199 2938 1287 3005 haurd
1309 2956 1428 3024 paucos
1450 2938 1536 3023 fore,
1571 2937 1627 3023 qui

283 3056 457 3141 pretiosum
481 3056 632 3123 videlicet
652 3057 805 3124 historiae
828 3058 952 3144 priscae
976 3058 1189 3142 fragmentum
1213 3059 1275 3125 sibi
1298 3059 1378 3146 eripi
1397 3079 1495 3144 aegre
1510 3059 1626 3144 ferant,

283 3176 469 3244 adcuratius
492 3176 533 3245 de
554 3185 661 3245 aetate
684 3186 718 3245 et
739 3179 861 3262 origine
878 3179 984 3246 famae
998 3179 1087 3245 illius
1102 3200 1262 3265 exponere
1277 3179 1455 3247 instituam.
1496 3179 1629 3246 Niesius

284 3298 368 3364 enim
397 3299 481 3366 hanc
509 3305 633 3383 partem
662 3299 730 3366 fere
752 3299 905 3366 intactam
928 3300 1059 3385 reliquit
1080 3321 1140 3366 nec
1161 3299 1194 3365 in
1218 3301 1282 3385 eis,
1315 3320 1399 3385 quae
1421 3301 1626 3385 significavit,

284 3418 370 3485 felici
394 3419 524 3505 ingenio
547 3440 625 3486 usus
647 3428 708 3487 est.
835 3395 841 3404 Ν

261 3550 265 3559 “
370 3540 553 3608 Aristotelis
583 3541 682 3607 verba
710 3541 791 3608 haee
813 3548 887 3608 sunt
917 3542 1091 3625 [meteorol.
1116 3541 1133 3606 I
1160 3564 1191 3628 p.
1217 3545 1301 3608 353Ιι
1324 3545 1364 3606 27
1387 3545 1508 3629 sequi:
1548 3538 1628 3609 ἀλλὰ

283 3659 402 3729 πάντων
424 3658 536 3729 τοότων
560 3661 654 3727 αἴτιον
677 3657 873 3750 ὑποληπτέον,
905 3657 951 3728 ότι
972 3663 1105 3750 γίγνεται
1127 3660 1177 3729 διὰ
1200 3658 1318 3751 χρόνων
1341 3663 1541 3750 εἱμαρμένων,
1567 3661 1630 3729 οἷον

285 3784 316 3848 ἐν
339 3786 404 3858 ταῖς
424 3780 494 3849 κατ’
521 3779 656 3850 ἐνιαυτὸν
680 3776 774 3870 ὥραις
796 3779 919 3872 χειμών,
945 3775 1024 3850 οότω
1045 3781 1187 3873 περιόδου
1208 3780 1286 3858 τινὸς
1308 3779 1440 3872 μεγάλου
1456 3785 1548 3871 μέγας
1563 3808 1631 3871 χει-

286 3900 347 3990 μὼν
369 3904 420 3970 καλ
443 3902 595 3994 ὑπερβολὴ
617 3898 750 3994 όρβρων.
799 3896 874 3992 α’ότη
899 3902 926 3971 δ’
954 3903 1008 3971 οὐκ
1031 3902 1077 3972 o'rsi
1099 3903 1177 3972 κατὰ
1198 3901 1266 3980 τοὺς
1289 3901 1396 3980 αὐτοὺς
1411 3900 1529 3988 τόπους,
1556 3901 1624 3971 ἀλλ’

285 4017 383 4113 ὥσπερ
410 4021 426 4091 δ
449 4022 632 4113 καλυόρενος
662 4025 710 4092 ἐπὶ
733 4026 943 4100 Δευκαλίωνος
971 4024 1197 4114 κατακλυερός·
1230 4023 1360 4114 καὶγὰρ
1382 4019 1559 4114 οὗτοςπερλ
1581 4023 1630 4092 τόν

279 4142 455 4233 Ἑλληνικόν
478 4149 596 4235 ἐγένετο
620 4144 750 4234 μάλιστα
771 4144 870 4231 τόπον,
896 4146 948 4212 καὶ
969 4144 1075 4215 τούτου
1096 4145 1163 4237 περὶ
1183 4145 1237 4234 τὴν
1254 4143 1395 4213 Ἑλλάδα
1413 4144 1467 4234 τὴν
1484 4143 1628 4236 ἀρχαίαν.

287 4259 362 4354 α’όπη
394 4262 424 4333 δ’
456 4269 535 4336 ἐστὶν
558 4265 578 4356 ἡ
601 4268 669 4357 περὶ
692 4264 840 4356 Δωδώνην
870 4268 922 4335 καὶ
953 4266 1003 4335 τὸν
1030 4265 1198 4356 Ἀχελῷον·
1231 4260 1317 4342 οὗτος
1338 4264 1396 4355 γὰρ
1417 4272 1575 4357 πολλαχοῦ
1597 4267 1630 4335 τό

286 4390 383 4476 ῥεῦμα
413 4392 655 4479 μεταβέβληκεν·
687 4382 784 4478 ᾤκουν
814 4388 872 4478 γὰρ
895 4392 923 4456 ol
945 4391 1054 4456 Σέλλυι
1083 4391 1215 4456 ἐνταῦθα
1238 4389 1289 4455 καλ
1313 4391 1341 4455 οἱ
1364 4385 1544 4476 καλούμενοι
1565 4385 1632 4458 τότε

287 4510 339 4597 μὲν
364 4510 487 4598 Γραικοὶ
509 4515 561 4577 νῦν
584 4511 618 4576 δὲ
632 4504 795 4597 Ἕλληνες.
835 4512 1024 4579 Aristoteles
1039 4511 1137 4597 igitur
1151 4511 1359 4578 Deucalionis
1375 4511 1531 4578 diluvium
1547 4511 1634 4579 circa

285 4631 453 4698 Dodonam
484 4640 517 4699 et
537 4631 715 4698 Acheloum
738 4633 885 4700 evenisse
909 4633 1002 4714 (licit,
1035 4633 1081 4699 ibi
1103 4633 1189 4699 eninr
1212 4633 1318 4699 Sellos
1341 4632 1448 4717 etqui
1470 4639 1538 4698 tum
1561 4632 1633 4716 qui-

287 4754 360 4821 dem
391 4753 524 4838 Graeci,
561 4773 635 4819 mox
669 4753 824 4820 Hellenas
856 4754 1013 4840 adpellari
1046 4761 1153 4820 essent
1186 4754 1382 4820 consedisse.
1442 4754 1547 4839 Atque
1582 4754 1633 4820 his

285 4875 407 4942 ultimis
435 4875 565 4959 quidem
594 4874 703 4941 uerbis
732 4874 920 4941 memoriam
954 4876 1233 4942 celeberrimorum
1261 4896 1412 4941 versuum
1441 4875 1555 4942 Iliadis
1590 4875 1633 4960 (II

287 5000 349 5063 233
371 4999 454 5083 sqq.)
488 4998 623 5064 subesse
651 4995 783 5062 Niesius
812 4996 900 5063 haud
934 4997 1031 5063 dubie
1060 4997 1237 5063 rectissime
1268 4996 1388 5062 statuit.
1442 4996 1633 5063 Aristoteles

289 5118 374 5185 enim
397 5119 503 5185 Sellos
518 5118 705 5184 Homericos
728 5117 873 5184 eiusdem
897 5117 1006 5203 stirpis
1028 5117 1130 5183 luisse
1152 5124 1250 5201 atque
1265 5117 1431 5200 Hellenes,
1457 5138 1537 5203 quos
1559 5118 1635 5185 olim
