4118 6240
404 641 464 704 126
991 641 1021 694 ΙΙ.
1043 639 1159 695 BLASS

403 831 473 895 Non
496 851 608 895 vereor
630 831 764 913 nequis
787 830 863 894 mihi
888 839 1029 915 opponat
1051 832 1242 916 Delphicum
1266 833 1508 916 καταδουλιζμώι
1536 833 1597 915 (W.
1617 833 1652 895 F.
1673 836 1745 914 433,

406 953 453 1034 13)
481 958 513 1015 et
537 950 704 1016 notissima
725 952 784 1016 illa
807 947 930 1038 Zpdpra
953 949 1122 1038 Ιβεννόναι,
1149 952 1181 1016 ἱι]
1206 952 1322 1035 quibus
1345 972 1449 1035 neque
1471 953 1566 1036 plane
1590 955 1630 1015 sd
1650 953 1750 1018 luisse

402 1079 507 1156 potest
528 1092 631 1156 neque
654 1073 709 1154 ds,
736 1071 794 1137 sed
810 1072 925 1138 extrito
948 1075 972 1136 d
991 1074 1150 1138 elemento
1173 1073 1275 1138 lenior
1296 1073 1352 1138 ille
1373 1092 1471 1138 sonus
1485 1073 1630 1153 alterius,
1657 1094 1749 1156 quem

403 1217 443 1260 ex
466 1213 552 1259 more
576 1193 741 1258 Gallorum
759 1193 1045 1277 Britannornmque
1067 1219 1085 1258 a
1107 1195 1214 1260 littera
1236 1195 1375 1260 scrihere
1398 1194 1542 1259 homines
1565 1194 1649 1260 docti
1672 1215 1751 1259 con·

403 1320 546 1380 suerunt.
593 1314 694 1379 Cuius
723 1314 791 1378 soni
815 1336 886 1380 oum
917 1315 1081 1399 proprium
1107 1316 1236 1398 signum
1259 1336 1321 1380 non
1346 1316 1500 1380 baberent
1522 1316 1655 1397 Graeci,
1681 1337 1752 1380 am-

404 1436 557 1519 bigebant
579 1440 683 1499 utrum
700 1436 806 1499 verius
831 1432 952 1522 Σμύρνα
974 1440 1112 1520 Satyrum
1134 1458 1175 1501 an
1192 1433 1315 1523 Zpdpra
1339 1439 1531 1520 merop-m
1547 1437 1748 1517 scriberetur,

404 1556 489 1639 quod
512 1556 770 1640 pronuntiaretur
787 1559 943 1640 anpraa;
970 1578 1043 1621 nam
1067 1558 1150 1622 sicut
1172 1564 1246 1623 ante
1270 1559 1334 1644 βμ,
1361 1558 1406 1623 ita
1429 1558 1524 1623 etiam
1548 1565 1623 1622 ante
1646 1557 1700 1620 oi.
1720 1577 1749 1622 e.

404 1678 438 1742 in
462 1681 477 1747 ζ
501 1696 612 1741 sonum
635 1700 653 1739 z
676 1676 776 1741 fuisse
800 1685 1048 1743 cousentaneum
1072 1685 1132 1743 est.
1159 1719 1198 1726 -
1224 1679 1288 1744 Cur
1310 1686 1434 1761 autem,
1468 1679 1592 1758 dicent,
1618 1679 1751 1742 Aeolum

405 1795 424 1882 ἡ
448 1804 500 1862 τοῦ
524 1801 540 1868 Ι
563 1799 605 1869 εἰς
627 1794 660 1861 τὸ
684 1824 700 1861 σ
723 1797 773 1861 καὶ
799 1800 814 1860 δ
837 1794 930 1884 τροπή
962 1799 1089 1883 propria
1119 1799 1220 1865 fnisse
1248 1801 1401 1882 traditur,
1438 1800 1465 1864 si
1495 1800 1622 1864 omnino
1648 1803 1754 1871 derat

407 1923 465 1983 obl
525 1919 567 1983 At
597 1918 631 1982 id
664 1918 705 1983 ad
738 1919 997 2003 orthographiam
1032 1920 1132 1984 solam
1167 1920 1359 2004 pertinuisse
1393 1928 1514 2005 potest;
1551 1942 1624 1984 nam
1658 1920 1754 1985 etiam

407 2041 510 2112 καένος
533 2047 565 2105 ct
588 2041 688 2126 ἱέρακς
719 2047 751 2104 et
776 2040 909 2123 Πέλοπς,
943 2041 971 2105 si
998 2041 1217 2124 grammaticis
1240 2041 1418 2118 credimus,
1451 2042 1483 2107 in
1507 2041 1646 2107 Aeolicis
1669 2041 1755 2105 anti-

408 2162 479 2244 quis
502 2160 592 2225 libris
622 2161 765 2226 titulisre
792 2161 929 2226 fuorunt.
983 2161 1054 2225 Non
1085 2168 1214 2226 exstant
1244 2162 1324 2227 talia
1354 2163 1386 2227 in
1409 2162 1526 2228 nostris
1548 2162 1667 2244 titulis,
1701 2161 1755 2244 qni

408 2302 519 2347 omnes
542 2282 734 2346 recentiores
758 2288 842 2364 sunt,
870 2283 928 2346 sod
950 2282 1055 2348 eidem
1078 2290 1204 2366 praeter
1227 2303 1323 2347 uuum
1348 2284 1540 2364 Cumaeam,
1567 2284 1685 2365 inquo
1709 2290 1758 2347 est

408 2398 726 2491 προσονυμάσὸεσῦαι,
758 2422 885 2487 semper
914 2401 941 2464 Ζ
970 2405 1142 2487 praebent,
1179 2424 1351 2487 numquam
1387 2406 1472 2466 ΣΔ.
1519 2405 1592 2467 Non
1627 2423 1756 2488 possum

411 2525 561 2590 hocloco
583 2523 692 2589 omnia
714 2523 842 2608 penitus
865 2524 1053 2603 exhaurire,
1085 2524 1143 2589 sed
1172 2545 1211 2588 ea
1234 2545 1315 2607 <qnae
1337 2525 1472 2609 exposui
1495 2524 1756 2616 argumentisque

413 2645 614 2712 corroborari
643 2666 683 2710 ne
714 2651 779 2710 tum
810 2643 940 2727 quidem
970 2646 1190 2728 collahelient,
1224 2646 1250 2710 si
1282 2645 1353 2728 quis
1383 2666 1485 2731 aequo
1514 2645 1631 2711 validis
1661 2665 1758 2728 argu-

410 2767 525 2833 mentis
560 2785 637 2830 usus
675 2764 957 2850 demonstraverit,
994 2770 1010 2838 ζ
1038 2767 1072 2831 in
1107 2767 1219 2850 lingua
1248 2765 1374 2830 Graeca
1406 2766 1580 2848 aliquando
1610 2773 1643 2831 et
1672 2764 1759 2850 apud

409 2890 536 2972 aliquas
559 2893 672 2970 gentes
695 2905 807 2950 sonum
830 2889 867 2950 dr
889 2887 1051 2953 hahuisse.

327 3010 344 3095 b
368 3017 386 3073 5
495 3011 533 3074 In
549 3007 707 3073 Boeoticis
723 3007 824 3072 titulis
840 3007 1018 3092 paullisper
1033 3008 1257 3073 subsistamus.
1295 3009 1482 3074 Thebanum
1499 3007 1579 3074 satis
1594 3008 1758 3089 antiquum

410 3139 485 3197 ante
506 3129 567 3195 hos
586 3148 706 3212 paucos
729 3147 856 3192 menses
880 3129 913 3191 P.
934 3129 1072 3193 Foncart
1094 3129 1194 3194 edidit
1221 3131 1320 3211 [Barll.
1340 3132 1378 3192 do
1393 3152 1475 3192 corr.
1494 3129 1568 3192 bell.
1587 3129 1646 3208 Ill,
1671 3132 1755 3209 ¹40b

412 3254 465 3318 uhi
490 3257 597 3317 exstat
619 3245 774 3320 Διοζότιος
798 3247 882 3330 quod
905 3249 999 3313 modo
1022 3250 1126 3315 attuli.
1165 3251 1336 3315 Nominum
1361 3251 1498 3315 indicem
1521 3249 1662 3315 continet
1683 3269 1759 3314 casu

413 3381 498 3440 recto
521 3371 712 3457 positorum3
740 3369 772 3433 in
788 3369 911 3438 duobus
927 3376 1033 3434 autem
1050 3371 1230 3435 nominihus
1251 3375 1279 3434 Σ
1299 3372 1383 3454 quod
1399 3371 1469 3436 eius
1484 3391 1577 3436 rasus
1600 3371 1761 3456 proprium

413 3502 463 3561 est
503 3492 673 3559 omittitur:
731 3489 1233 3572 mfihhfirntomrrrozr,
1280 3490 1760 3573 nroratfifirrzrrso-

415 3616 564 3696 ΤΙΟΣΙ,
611 3612 721 3677 Editor
743 3610 947 3676 doctissimus
970 3618 1069 3695 negat
1091 3632 1161 3677 eam
1184 3613 1388 3678 omissionem
1419 3634 1496 3678 casu
1528 3613 1645 3677 tactam
1669 3633 1758 3685 esse;

414 3758 488 3802 nam
519 3736 551 3800 in
575 3733 776 3817 Tanagraeis
806 3753 931 3815 quoquc
962 3733 1064 3797 titulis
1100 3729 1212 3818 l'lltlrjr.
1231 3734 1276 3798 IV
1298 3755 1330 3818 p.
1350 3738 1423 3798 213.
1450 3738 1521 3817 aba)
1550 3754 1622 3799 esse
1642 3729 1763 3798 {latras

414 3865 447 3923 et
462 3857 583 3937 Εέννει,
610 3855 738 3937 aliaque
761 3854 926 3936 complura
948 3853 1092 3918 eiusdem
1116 3855 1320 3939 proprietatis
1343 3856 1492 3940 exempla
1515 3855 1761 3920 Orchomenium

415 3977 574 4060 quendam
597 3975 770 4056 ineditum,
803 3974 856 4057 qui
880 3975 935 4039 lv.
962 3975 1092 4039 saeculo
1122 3975 1261 4060 scriptus
1284 3976 1341 4058 sit,
1368 3977 1534 4060 praebere.
1583 3975 1761 4041 Dolendum

415 4099 499 4182 qnod
522 4117 562 4163 ea
584 4097 734 4181 exempla
756 4103 863 4161 tacere
885 4095 1014 4175 maluit:
1048 4095 1175 4160 interim
1204 4098 1359 4162 nonnulla
1385 4097 1516 4162 aliunde
1546 4097 1617 4182 ipso
1643 4096 1763 4161 addere

416 4241 567 4306 possum:
614 4217 651 4282 C.
677 4218 704 4280 1.
730 4217 786 4281 Gr.
817 4219 898 4279 1643
933 4216 1137 4282 runrttfi
1174 4217 1408 4300 (Orchomen),
1445 4221 1526 4282 1639
1558 4208 1764 4287 ΦΡΑΣΣΕ

420 4342 580 4426 [Thospl.
628 4340 723 4402 Porro
752 4338 784 4402 in
808 4337 1025 4422 Tanagraeis,
1052 4345 1142 4421 'quos
1170 4339 1276 4404 attulit
1299 4341 1452 4417 boucart,
1486 4339 1614 4404 tertium
1640 4358 1765 4422 quoque

417 4463 597 4546 exemplum
628 4466 678 4525 est
710 4483 792 4523 ....ει
827 4458 913 4542 (puto
948 4457 1085 4539 [ΜέννΙει
1115 4460 1166 4524 vel
1201 4459 1340 4544 [Eirrled
1374 4459 1499 4546 Νικίηος
1532 4463 1575 4544 (p.
1602 4461 1696 4543 295),
1734 4465 1767 4523 et

300 4666 303 4678 Ι
417 4583 525 4649 nescio
548 4603 589 4647 an
611 4581 644 4646 in
668 4580 760 4654 titulo
775 4578 972 4644 dedicatorio
994 4579 1113 4644 ibidem
1130 4579 1259 4645 invento
1280 4582 1321 4666 (p.
1342 4583 1431 4663 hbll:
1467 4576 1657 4645 'rlbavlaxam
1671 4573 1767 4664 Ἵμνω

414 4701 567 4792 Ἂρτάμιδι
590 4700 765 4785 Εἰλειθυίῃ,
800 4699 907 4765 verius
936 4699 978 4764 sir
1001 4697 1169 4766 'hdariaaer
1187 4697 1297 4787 Ἀῐμνώ
1317 4698 1356 4766 Ἄ.
1384 4700 1420 4766 Ε.
1468 4701 1550 4766 Nam
1570 4696 1679 4786 Ἀϊμνώ
1709 4700 1769 4764 erit

419 4848 477 4911 pro
501 4819 663 4910 Ἄϊμνάστα
691 4821 748 4904 lei.
771 4817 918 4894 Ἀϊκλίόας
941 4821 1042 4888 Theb.
1077 4843 1131 4907 ap.
1163 4822 1304 4888 Keilium
1335 4822 1471 4887 Nachtr.
1497 4826 1566 4886 37a
1584 4825 1647 4903 ll),
1671 4813 1768 4906 ‘'lpro

419 4946 497 5029 qnid
532 4943 668 5011 nominis
701 4963 774 5008 esse
807 4943 909 5027 possit
942 4964 1056 5028 parum
1089 4943 1299 5028 perspicitur,
1337 4949 1368 5008 et
1401 4964 1458 5028 pro
1487 4939 1677 5008 Ἀθανίκκεια
1711 4963 1769 5007 ex-

420 5065 630 5156 spectandum
654 5072 724 5130 erat
741 5060 928 5129 Ἀθανίκκια.
968 5064 1067 5130 Vides
1090 5084 1148 5130 sex
1164 5071 1328 5150 septemve
1351 5063 1433 5130 hace
1454 5058 1600 5130 nomina':
1644 5062 1766 5152 hla'rva,
