4118 6240
835 1706 906 1804 DE
940 1706 1097 1804 roais
1129 1707 1481 1805 truduntur

1088 1934 1226 1977 scalpam

916 2075 1175 2144 affluentius
1198 2076 1401 2145 duamur

569 2390 798 2475 'topographia
826 2410 920 2472 quam
951 2397 1067 2455 uocant
1096 2389 1185 2455 urbis
1208 2389 1405 2456 Athenarum
1436 2409 1494 2474 per
1519 2388 1633 2473 viginti
1656 2388 1711 2472 qui
1734 2387 1829 2452 modo

483 2511 694 2596 praeterlapsi
725 2518 799 2576 sunt
827 2531 928 2576 annos
950 2518 1041 2575 tanta
1062 2510 1259 2576 incrementa
1281 2511 1381 2595 cepit,
1414 2517 1534 2594 quauta
1557 2510 1647 2575 nulla
1669 2509 1736 2575 fere
1760 2508 1828 2574 dis-

482 2632 670 2716 ciplinarum
701 2631 963 2715 antiquariarurn.
1011 2632 1101 2709 Quae
1132 2651 1201 2697 cum
1233 2631 1451 2697 fundamentis
1482 2631 1608 2697 duobus
1637 2630 1748 2696 innixa
1771 2629 1822 2711 sit,

480 2753 672 2818 testimoniis
702 2760 844 2818 veterum
875 2760 1022 2818 accurate
1049 2752 1288 2836 perscnrtandis
1311 2753 1347 2818 C.
1375 2752 1552 2818 Bursianus
1575 2759 1607 2818 et
1629 2753 1665 2818 Ο.
1690 2751 1828 2817 Wachs·

481 2874 633 2953 muthius,
658 2874 798 2938 locorum
814 2881 846 2938 et
861 2873 1079 2938 aedificiorum
1095 2873 1239 2955 reliquiis
1254 2873 1465 2956 vestigiisque
1480 2872 1675 2956 indagandis
1690 2873 1728 2937 n.
1748 2873 1829 2938 Cur-

480 2994 543 3059 tius
566 3001 599 3059 et
620 2994 766 3060 homines
790 2994 874 3059 docti
897 2994 951 3077 qui
973 2993 1093 3079 ἑταιρίᾳ
1117 2990 1334 3079 hippocentauri,
1365 2994 1571 3059 moderantur
1592 2993 1732 3058 maximo
1755 3012 1826 3058 curn

479 3113 583 3180 fructu
605 3135 733 3199 operam
756 3122 924 3180 navarunt.
972 3115 1039 3179 Iam
1069 3115 1103 3178 in
1126 3114 1207 3178 libro
1230 3114 1267 3178 C.
1292 3114 1556 3193 Wachsmuthii¹i
1591 3121 1720 3198 praeter
1741 3114 1827 3178 Pau-

481 3235 593 3299 saniae
626 3235 872 3319 descriptionem
903 3235 1009 3300 omnia
1039 3235 1106 3299 fere
1136 3235 1320 3299 testimonia
1349 3256 1388 3300 ex
1418 3233 1596 3317 historicis,
1633 3234 1823 3314 oratoribus,

480 3357 599 3440 poetis,
626 3356 861 3438 grammaticis,
889 3355 1090 3435 scholiastis‚
1118 3355 1354 3440 lexicographis
1376 3355 1478 3439 petita
1499 3355 1640 3439 itemque
1663 3355 1825 3421 hominum

480 3477 643 3542 doctorum
675 3477 716 3540 dc
746 3477 786 3541 iis
816 3475 985 3560 opiniones
1011 3483 1043 3539 et
1073 3484 1251 3542 commenta
1280 3476 1345 3541 aeri
1377 3475 1483 3541 studio
1513 3476 1690 3560 composita
1711 3496 1750 3541 ac
1772 3474 1826 3539 ria

478 3604 510 3662 et
532 3597 655 3661 ratione
678 3596 856 3661 diiudicata
878 3596 1034 3660 invenies.
1083 3596 1120 3660 E.
1147 3596 1307 3675 Curtius2)
1341 3603 1448 3661 autem
1476 3617 1547 3661 cunr
1571 3597 1733 3662 laboriosa
1755 3616 1826 3660 mu-

477 3718 690 3782 nimentorum
721 3724 753 3782 et
782 3723 1057 3781 monumentorum
1080 3716 1327 3799 investigatione
1350 3737 1388 3782 ac
1412 3716 1626 3802 descriptione
1648 3724 1715 3783 tum
1739 3717 1825 3780 loco-

476 3859 546 3903 rum
569 3844 721 3918 naturae,
755 3837 860 3920 qualis
890 3857 974 3902 nunc
1003 3845 1052 3902 est
1082 3844 1113 3902 et
1140 3838 1206 3904 fere
1229 3858 1287 3922 per
1308 3857 1401 3904 omne
1423 3845 1550 3923 tempus
1572 3837 1669 3903 fuerit
1691 3856 1824 3902 necesse

475 3966 541 4040 est,
568 3957 680 4022 subtili
703 3957 885 4040 cognitione
909 3966 941 4024 et
962 3957 1204 4023 adumbratione
1232 3979 1288 4042 pro
1309 3958 1396 4023 virili
1418 3965 1508 4044 parte
1531 3959 1656 4041 effecit,
1682 3965 1718 4024 ut
1739 3957 1823 4042 pris-

475 4100 546 4144 cum
569 4079 661 4143 nohis
684 4078 882 4143 Athenarum
906 4085 1024 4143 statum
1046 4078 1111 4143 iarn
1135 4078 1236 4143 oculis
1258 4079 1369 4145 videre
1392 4087 1425 4145 et
1445 4100 1503 4165 per
1524 4079 1614 4146 vicos
1635 4098 1674 4145 ac
1696 4080 1823 4164 plateas

473 4207 636 4283 tamquam
660 4199 824 4263 ambulare
847 4199 1024 4264 videamur.

560 4319 626 4385 Sed
650 4325 683 4383 ut
705 4318 838 4384 liberum
863 4319 905 4384 sit
926 4319 1033 4383 animo
1057 4319 1223 4404 concipere
1246 4320 1471 4403 imaginariam
1487 4321 1638 4403 antiquae
1654 4320 1742 4386 urbis
1758 4319 1823 4384 for-

473 4461 573 4505 mam:
601 4440 733 4523 quaein
749 4439 891 4504 chartam
908 4439 1058 4520 conicias,
1085 4440 1299 4506 severioribus
1314 4440 1595 4507 demonstrationis
1610 4442 1747 4508 vinculis
1763 4442 1823 4507 ad-

472 4560 659 4644 stringenda
675 4567 758 4625 sunt.
796 4559 868 4637 Qua
888 4559 1030 4624 imbutus
1053 4561 1213 4626 sententia
1234 4582 1306 4626 eum
1329 4560 1504 4626 secundam
1527 4583 1567 4627 ex
1590 4563 1710 4628 tabulis
1732 4564 1821 4629 urhis

471 4680 667 4746 Athenarum
683 4701 785 4765 nuper
800 4679 971 4744 detineatis
986 4681 1230 4766 contemplarer,
1257 4701 1355 4767 saepe
1378 4680 1498 4748 frustra
1520 4683 1677 4766 quaesivi,
1703 4684 1819 4768 quibus

559 4922 574 4983 ¹)
598 4920 1126 4978 Democratesathalaricum1.
1160 4921 1270 4994 Ler'pziq
1290 4925 1366 4975 1874.
1447 4937 1459 4968 ν

556 5005 574 5069 ²)
596 5004 677 5057 Atlas
695 5022 746 5056 corr
765 5005 863 5058 Athea.
886 5004 1109 5075 Hercuaqeqedorr
1128 5024 1178 5059 corr
1199 5006 1235 5059 Ε.
1259 5007 1368 5059 martius
1385 5007 1441 5060 arrd
1459 5008 1485 5063 Ι.
1506 5012 1542 5062 Α.
1562 5010 1693 5078 Karqmt.
1722 5010 1819 5065 Berlin

471 5091 545 5142 1878.
