4118 6240
456 632 515 694 122
1041 630 1073 684 Il.
1094 628 1209 686 BLASS

453 820 586 903 aliquis,
621 819 699 903 quid
722 820 768 885 rei
791 821 833 885 sit
855 821 983 886 omuino
1005 840 1084 886 sono
1107 816 1123 883 ἔ·
1158 820 1213 902 [ita
1235 819 1319 886 enim
1349 839 1433 885 nunc
1456 819 1599 884 scribunt
1621 818 1681 884 viri
1704 817 1798 901 docti)

452 961 525 1006 cum
553 940 785 1027 seriptu1·a00;
823 961 926 1026 neque
955 942 1041 1007 enim
1072 942 1308 1026 pronuntiando
1339 960 1489 1023 umquam
1516 936 1532 1003 ἔ·
1562 939 1694 1023 evadet,
1728 938 1803 1005 licet

453 1082 565 1127 sonum
588 1088 605 1126 c
627 1083 722 1146 quam
745 1063 800 1128 diu
822 1063 905 1129 velis
928 1063 1104 1129 continues.
1151 1062 1244 1128 Unde
1265 1062 1364 1145 igitur
1386 1061 1506 1126 factum
1529 1067 1595 1142 est,
1628 1067 1663 1125 ut
1686 1059 1804 1125 Gracci

454 1183 632 1269 lapicidae,
659 1184 739 1249 loeis
761 1184 957 1269 temporibus
980 1183 1166 1266 longissime
1190 1183 1348 1269 separati,
1375 1201 1487 1248 omnes
1510 1181 1627 1264 ubique
1650 1202 1721 1247 eam
1743 1202 1802 1266 po-

452 1305 611 1371 tissimum
638 1305 794 1371 rationem
824 1305 894 1371 soni
915 1308 932 1368 a
954 1304 1102 1370 imitandi
1132 1305 1305 1388 eligerent,
1342 1324 1406 1387 qua
1434 1303 1615 1388 perversior
1645 1303 1699 1368 vix
1728 1322 1800 1368 esse

451 1432 579 1511 potest?
616 1427 730 1525 Neque
752 1427 836 1493 enim
859 1426 989 1492 invento
1012 1446 1094 1492 novo
1117 1426 1210 1509 sIgno
1234 1445 1314 1509 opus
1337 1433 1423 1490 erat:
1449 1431 1640 1509 acceperant
1662 1422 1801 1489 aPhoe-

453 1547 577 1613 uicibus
600 1547 751 1613 traditam
774 1544 827 1611 σάν
850 1547 1006 1631 litteram,
1032 1568 1116 1631 quae
1139 1546 1226 1632 apud
1249 1546 1323 1611 illos
1345 1546 1375 1612 ei
1398 1546 1470 1611 usui
1493 1546 1705 1621 inserviebat3
1732 1551 1804 1611 ute-

454 1669 569 1734 bantur
592 1669 672 1734 61Μ
697 1675 729 1734 et
752 1669 782 1731 Σ
806 1669 920 1734 litteris
944 1669 1060 1734 Graeci
1082 1667 1274 1750 antiquitus,
1301 1668 1360 1733 sed
1382 1668 1472 1732 initio
1497 1667 1528 1730 Μ
1554 1667 1623 1733 sola
1644 1666 1686 1731 ad
1709 1686 1803 1731 omne

453 1812 468 1852 a
491 1789 749 1873 exprimendum
776 1790 960 1856 abiecerunt
982 1790 1100 1856 deinde
1122 1791 1211 1855 illam
1235 1796 1268 1855 et
1283 1788 1303 1854 5
1317 1789 1347 1851 Σ
1366 1788 1624 1866 Introduxerunt3
1651 1788 1805 1853 alterutra

456 1930 583 1994 semper
616 1911 755 1977 conteuti
789 1911 926 1976 fuerunt.
985 1912 1058 1993 Cur,
1086 1911 1114 1976 si
1146 1910 1209 1977 duo
1239 1910 1308 1976 soni
1338 1910 1529 1975 exstabant?
1583 1909 1685 1974 Nemo
1708 1908 1803 1974 facile

455 2031 581 2096 dixerit.
622 2032 719 2096 Porro
742 2032 793 2097 cui
816 2031 968 2097 credibile
993 2052 1066 2097 esse
1088 2038 1209 2116 potest,
1235 2032 1366 2116 ἕσστησα
1389 2029 1489 2095 cicera
1504 2031 1644 2096 Graecos
1661 2050 1804 2116 pronun-

452 2152 594 2234 tiavisse,
627 2159 662 2218 at
682 2152 716 2218 in
739 2153 939 2218 coniunctius
964 2152 1063 2238 στήσω
1085 2157 1187 2217 atcsol
1230 2153 1314 2217 Nam
1340 2152 1373 2217 in
1397 2152 1553 2238 principio
1576 2152 1801 2218 vocabulorum

454 2293 626 2356 numquam
650 2299 666 2337 0
690 2274 810 2359 duplex
832 2274 1003 2358 reperitur,
1031 2294 1270 2356 nonnumquam
1292 2275 1326 2339 in
1349 2275 1517 2356 extremis,
1549 2274 1583 2337 in
1606 2271 1720 2338 mediis
1743 2292 1802 2357 po-

418 2412 421 2419 ’·
452 2395 620 2460 tissimum.
679 2394 787 2460 Attica
818 2396 968 2480 exempla
997 2416 1114 2480 ponam
1142 2415 1183 2460 ex
1215 2395 1251 2461 C.
1278 2396 1304 2460 Ι.
1330 2395 1368 2460 Α.
1395 2396 1459 2460 vol.
1486 2396 1517 2459 II
1550 2395 1702 2460 collecta:
1739 2397 1801 2456 272

454 2511 583 2601 εἰσστὴν,
618 2511 827 2597 2100165731‘,
858 2518 996 2603 Λέσσβου
1020 2520 1082 2579 52⁰
1109 2517 1205 2599 (saec.
1231 2517 1301 2599 IV),
1333 2513 1529 2603 qpo'u'poroollar
1559 2520 1632 2596 320,
1665 2509 1803 2599 ἑσστήλει

454 2640 534 2720 366,
571 2633 802 2724 &coaequivocus
833 2642 915 2720 567,
952 2637 1190 2724 φιλοτίμωσσκαὶ
1218 2641 1280 2702 663
1315 2640 1410 2721 (saec.
1437 2639 1510 2722 Ill).
1568 2637 1653 2702 Num
1682 2636 1797 2718 crediS,

453 2763 581 2842 propter
603 2757 683 2824 baec
705 2779 810 2843 pauca
832 2759 980 2844 exempla
1002 2758 1253 2824 Atheniensibus
1282 2759 1385 2842 quarti
1414 2759 1561 2841 tertiique
1584 2759 1704 2824 sacculi
1727 2778 1800 2823 eum

453 2896 565 2942 sonum
581 2878 806 2945 vindicandum
830 2899 913 2961 esse,
940 2880 994 2964 qui
1017 2900 1058 2945 ne
1080 2879 1175 2945 hodic
1191 2880 1320 2962 quidem
1342 2879 1375 2944 in
1392 2901 1590 2946 communem
1607 2879 1800 2945 Graecorum

451 2999 595 3082 linguam
619 3009 766 3085 receptus
789 3008 860 3067 est?
904 3001 961 3066 Sin
984 3001 1100 3084 minus,
1126 3001 1191 3066 alia
1219 3001 1392 3085 explicatio
1415 3000 1600 3084 quaerenda
1622 3009 1687 3080 est,
1718 3020 1802 3082 quae

453 3120 480 3185 si
514 3128 640 3205 reperta
681 3122 760 3203 erit,
808 3122 850 3187 ad
882 3123 1076 3206 reliquarum
1109 3142 1235 3205 quoque
1269 3122 1412 3204 geritium
1447 3123 1596 3207 exempla
1628 3120 1803 3186 iudicanda

452 3242 566 3307 cadem
590 3243 721 3309 valebit.
769 3244 881 3326 Itaque
907 3242 967 3309 hoc
996 3244 1125 3325 quidem
1149 3242 1243 3308 facile
1266 3243 1344 3307 milri
1372 3242 1547 3326 concech,
1579 3243 1712 3309 eandem
1730 3263 1802 3308 esse

452 3363 605 3429 rationem
628 3364 805 3448 scripturae
828 3360 947 3449 εἰσστήν
970 3371 1065 3447 atque
1088 3364 1200 3429 ἐκκτῶν
1230 3364 1275 3444 (0.
1301 3365 1327 3429 Ι.
1354 3364 1393 3428 Α.
1418 3365 1461 3443 ΙΙ,
1489 3368 1611 3448 31t]¹],
1638 3364 1802 3430 similiter-

452 3505 514 3567 que
538 3484 633 3550 scribi
658 3481 832 3557 Κολύσπας
855 3493 950 3568 atque
965 3477 1109 3572 ‘'ljaatop
1138 3485 1229 3569 (quod
1252 3492 1359 3551 exstat
1380 3486 1413 3548 in
1438 3504 1515 3550 vase
1538 3485 1668 3568 antiquo
1687 3484 1803 3550 Corin-

453 3604 519 3670 thio
542 3627 595 3690 ap.
620 3605 898 3671 Waehsmutlrium
920 3607 1003 3671 Mus.
1029 3606 1132 3671 Ithen.
1158 3607 1267 3671 XVIII
1291 3628 1322 3690 p.
1349 3609 1436 3689 580).
1481 3603 1618 3670 ’Eratobr
1641 3612 1747 3671 autem
1772 3613 1804 3671 et

447 3721 589 3814 Ἕκκτωρ
614 3748 685 3793 eam
714 3726 939 3811 pronuntiandi
970 3727 1125 3793 rationem
1156 3728 1337 3806 imitantur,
1371 3749 1473 3811 quaa
1502 3727 1610 3792 littera
1637 3727 1801 3811 utriusque

453 3849 598 3932 syllabae
629 3849 804 3914 communis
834 3855 899 3913 est:
934 3869 1039 3930 neque
1061 3843 1221 3934 “Ea-top
1252 3869 1382 3933 prorsus
1417 3849 1666 3933 pronuntiabant
1699 3869 1803 3930 neque

445 3965 623 4056 ''II-rtmp,
651 3969 709 4035 sed
735 3970 829 4053 quasi
849 3960 1037 4056 ‘'Ea-atorp.
1093 3971 1143 4034 Ita
1171 3965 1269 4054 εἰστήν
1300 3990 1425 4054 quoque
1448 3977 1480 4034 et
1509 3971 1624 4056 Λέσβου
1647 3970 1797 4049 cio-stoa,

456 4092 623 4155 Lea-eboc
651 4097 753 4173 erant,
787 4089 881 4155 sicuti
910 4108 968 4154 nos
992 4090 1024 4155 in
1054 4091 1167 4175 liugua
1188 4091 1361 4157 vernacula
1383 4111 1486 4174 neque
1510 4091 1634 4155 Isis-to
1663 4112 1804 4175 pronun-

452 4211 569 4277 tiamus
592 4231 696 4295 neque
720 4211 858 4294 Ili-ate,
885 4212 943 4277 sed
966 4235 981 4276 a
1003 4211 1142 4277 litteram
1166 4219 1199 4278 et
1220 4233 1292 4278 cum
1308 4212 1412 4277 vocali
1435 4233 1517 4294 quae
1540 4212 1701 4278 antecedit
1716 4220 1802 4278 arcte

454 4333 676 4416 coniungimns
711 4339 743 4398 et
772 4354 844 4398 cum
874 4333 1062 4398 consonanti
1083 4354 1166 4416 quae
1194 4332 1383 4417 insequitur.
1442 4331 1579 4398 Omnino
1608 4332 1803 4399 consuetudo

453 4454 516 4520 ista
545 4453 732 4538 duplicandi
763 4460 974 4520 consonantes
1003 4453 1079 4519 inde
1116 4454 1277 4539 provenit,
1315 4453 1399 4538 quod
1429 4455 1614 4539 syllabatim
1648 4454 1804 4520 voeabula

452 4575 603 4642 dirimere
630 4576 663 4640 in
693 4574 845 4640 docendis
874 4574 1100 4659 discendisque
1128 4575 1297 4641 elementis
1320 4582 1528 4654 consuerant,
1570 4596 1644 4640 nam
1668 4570 1802 4661 συλλαβή

451 4717 566 4762 nomen
589 4697 695 4782 ipsum
719 4716 874 4780 perquam
896 4696 1063 4778 antiquum
1087 4703 1145 4762 est.
1193 4698 1243 4762 Ita
1265 4697 1485 4783 reperiebant,
1515 4717 1620 4779 neque
1644 4693 1803 4761 ὓά-λα-τα

452 4839 556 4901 neque
585 4813 777 4882 ilci-lot-or
807 4817 849 4881 ad
871 4838 982 4882 verum
1012 4837 1123 4883 sonum
1154 4819 1331 4902 quadrare,
1369 4817 1427 4883 sed
1450 4818 1535 4902 quod
1557 4818 1698 4884 medium
1720 4819 1804 4884 inter

540 5079 556 5142 ¹)
579 5075 622 5132 Cf.
645 5075 823 5131 tortellum
841 5077 870 5131 in
888 5078 1003 5147 antiquo
1022 5079 1173 5133 'l'hiabensi
1190 5074 1339 5149 libbalv
1358 5096 1384 5148 p.
1402 5080 1462 5132 378.
