4452 6384
820 730 871 784 DE
889 728 998 786 FORIS
1018 727 1259 784 Aufinusuurt
1651 731 1711 792 155

365 935 433 984 rem
448 917 611 1002 publicam
626 917 797 999 ordinaret,
824 918 975 1003 regiones
991 938 1074 1002 quae
1097 923 1172 984 tuuc
1195 915 1328 984 eaedem
1352 916 1471 985 luerint
1493 936 1531 982 ac
1553 915 1650 998 demi,
1676 916 1710 982 iu

366 1038 475 1123 plures
490 1037 601 1104 demus
616 1037 740 1106 divisae
756 1037 830 1120 sint,
849 1037 882 1104 iu
899 1045 989 1104 tauta
1004 1037 1257 1105 testimoniorum
1272 1037 1407 1122 penuria
1421 1059 1515 1104 nemo
1530 1037 1712 1104 discernere

365 1157 491 1244 poterit.
535 1159 603 1226 Hoc
626 1165 747 1226 certum
770 1165 835 1242 est,
869 1159 979 1226 demes
1003 1159 1072 1226 sive
1095 1178 1157 1242 quo
1180 1157 1243 1224 alio
1266 1157 1393 1225 nomine
1416 1159 1524 1244 prisea
1546 1158 1604 1224 illa
1625 1179 1712 1225 com-

365 1278 477 1344 muuia
505 1279 670 1364 appellare
698 1280 801 1345 mavis
823 1317 867 1330 -
886 1277 926 1346 de
954 1299 1085 1346 numero
1115 1299 1224 1345 eorum
1250 1299 1335 1345 nuuc
1356 1299 1420 1344 uon
1442 1299 1625 1362 quaero-
1647 1277 1711 1344 iam

364 1396 421 1463 diu
443 1405 518 1464 ante
541 1398 703 1466 conditum
726 1407 797 1466 astu
820 1399 1018 1466 Athenarum
1042 1400 1143 1466 solum
1168 1399 1253 1466 cirea
1274 1399 1358 1466 arcis
1381 1398 1507 1466 radices
1521 1418 1709 1486 occupasse.

452 1519 537 1586 Nota
559 1527 649 1601 sunt,
682 1541 764 1604 quae
786 1521 826 1586 Ε.
852 1521 981 1587 Curtius
1005 1527 1037 1587 et
1060 1521 1096 1586 O.
1124 1519 1386 1586 Wuchsmuthius
1416 1519 1509 1586 docte
1535 1518 1575 1586 de
1598 1520 1711 1588 Pelus-

365 1637 416 1723 gis
438 1639 523 1706 arcis
545 1639 675 1722 incolis,
702 1640 743 1708 de
765 1641 877 1706 Ionum
901 1641 1027 1708 colonia
1049 1641 1091 1707 ad
1113 1641 1244 1722 llisum,
1277 1641 1317 1708 de
1340 1640 1533 1708 Phoenicum
1557 1641 1711 1707 aliarum-

365 1778 427 1842 que
455 1760 598 1844 gentium
628 1761 868 1846 peregrinarum
898 1761 940 1826 ad
970 1761 1186 1828 occidentales
1212 1762 1410 1828 Athenarum
1440 1761 1540 1828 colles
1570 1760 1712 1828 adventu

366 1878 620 1965 disputaverunt.
668 1882 809 1962 Quamm
840 1902 944 1948 rerum
972 1882 1168 1968 perobscura
1195 1881 1349 1948 memoria
1381 1881 1553 1948 maximam
1587 1889 1711 1967 partem

366 2020 406 2066 ex
436 2000 571 2068 historia
600 2002 739 2070 fabulari
763 2011 795 2070 et
816 2002 1007 2086 religionum
1031 2003 1236 2086 cultuumque
1258 2003 1498 2088 comparatione
1520 2003 1712 2070 resuscitata

365 2128 416 2188 cst
444 2121 491 2187 ita
518 2127 643 2204 mmen,
678 2131 713 2190 ut
734 2125 793 2190 illa
814 2123 1041 2207 antiquissima
1062 2123 1183 2210 oppida
1205 2143 1262 2208 per
1282 2123 1431 2189 nebulam
1454 2130 1579 2189 tautum
1601 2123 1710 2190 videre

366 2242 482 2327 possis.
516 2242 580 2310 Sed
602 2245 811 2312 remanebant
832 2245 865 2310 iu
888 2245 967 2311 urbe
989 2245 1071 2331 ipsa,
1098 2245 1206 2328 qualis
1228 2263 1287 2330 per
1307 2251 1435 2328 tempus
1457 2242 1533 2310 inde
1555 2243 1709 2312 aSolone

366 2382 468 2447 usque
490 2363 533 2430 ad
555 2365 735 2432 Pausaniae
758 2365 934 2433 adventum
956 2365 1034 2447 luit,
1068 2373 1154 2432 certa
1181 2363 1278 2451 prisci
1301 2371 1404 2432 status
1427 2364 1576 2448 vestigia.
1623 2364 1713 2432 luter

365 2503 406 2550 ca
427 2482 589 2552 demorum
613 2485 684 2552 lora
705 2486 905 2554 numeranda
927 2504 999 2552 esse
1021 2485 1085 2551 iam
1108 2485 1259 2552 indicavi.
1308 2485 1372 2552 Sed
1395 2485 1583 2570 priusquam
1605 2485 1646 2552 de
1668 2484 1710 2552 iis

365 2603 445 2689 ipsis
474 2605 650 2686 disseram,
684 2608 774 2675 brevi
804 2606 968 2673 demotum
998 2607 1174 2691 agrestium
1202 2605 1466 2693 perlustratione,
1501 2605 1578 2690 quid
1600 2625 1709 2672 eorum

367 2725 445 2792 foris
467 2726 629 2813 proprium
653 2727 759 2810 luerit,
786 2748 956 2813 exponam.
1149 2809 1151 2812 Ι

451 2847 500 2913 De
529 2847 692 2914 domorum
714 2844 849 2936 ’ἀγοραῖς
877 2850 999 2934 primus
1028 2848 1299 2930 Sohoemanuus¹l
1342 2847 1482 2916 dilucide
1517 2853 1553 2914 ut
1588 2847 1710 2913 assolet

366 2967 532 3052 exposuit,
566 2969 621 3051 qui
643 2989 664 3034 a
686 2969 868 3052 Clisthene,
901 2989 972 3035 cum
996 2967 1107 3036 decem
1130 2968 1249 3054 phylas
1271 2968 1451 3036 institueret
1471 2968 1575 3052 iisque
1597 2967 1710 3034 decem

364 3087 478 3155 heroes
507 3108 686 3174 eponymos
712 3097 942 3176 praeponeret,
974 3089 1074 3156 denos
1103 3088 1238 3172 singulis
1271 3089 1381 3175 phylis
1404 3090 1514 3156 demus
1537 3088 1709 3156 attributos
1838 3179 1840 3186 Ι

364 3227 437 3275 esse
466 3209 570 3294 iisque
599 3216 727 3278 centum
757 3211 870 3278 heroes
897 3231 1072 3297 eponymos
1096 3209 1190 3276 datos
1213 3229 1285 3278 esse
1307 3211 1487 3278 luculenter
1508 3209 1710 3277 demonstra-

364 3329 420 3396 vit.
461 3330 553 3410 Quae
575 3332 736 3398 sententia
758 3353 779 3398 a
801 3334 851 3398 Ta
874 3330 1064 3398 firmissimis
1086 3331 1286 3416 argumentis
1308 3333 1432 3398 munita
1454 3338 1505 3398 est
1532 3329 1582 3415 lde
1605 3330 1708 3397 demis

300 3457 305 3466 '
364 3451 494 3518 urbanis
516 3473 548 3538 p.
568 3456 597 3535 5)
661 3451 746 3530 Quot
768 3460 875 3518 autem
898 3457 973 3518 ante
996 3451 1193 3518 Clisthenem
1217 3452 1303 3520 demi
1325 3452 1505 3532 extiterint,
1531 3451 1565 3518 in
1587 3453 1709 3518 incerto

364 3579 430 3654 est,
465 3592 569 3658 neque
598 3593 659 3657 ego
689 3593 740 3640 me
767 3573 801 3638 in
830 3572 912 3638 hanc
936 3571 1162 3639 difficillimam
1185 3573 1406 3656 quaestionem
1428 3573 1533 3658 abripi
1555 3571 1705 3658 patiar‘2).

363 3693 453 3759 Idem
477 3693 719 3761 Schoemannus
742 3693 851 3761 docuit
873 3693 1036 3760 demotum
1060 3693 1190 3760 comitia
1212 3693 1280 3760 siue
1302 3701 1479 3761 conventus
1502 3713 1631 3779 semper
1653 3714 1710 3760 ve·

364 3819 432 3880 tere
462 3821 494 3880 et
522 3815 670 3882 sollemni
699 3815 854 3882 vocabulo
883 3809 995 3902 ἀγοράς
1024 3814 1202 3900 appellari,
1236 3814 1376 3881 universi
1400 3815 1510 3900 populi
1532 3815 1710 3882 Athenien-

367 3933 449 4000 sium
480 3936 658 4021 ἐκκλησίαςι
696 3937 800 4002 locum
833 3943 941 4003 autem
975 3941 1150 4003 conventus
1178 3943 1211 4001 et
1241 3943 1430 4002 mouentum
1460 3935 1567 4022 ipsum
1596 3933 1708 4002 eodem

365 4055 493 4122 nomine
517 4056 653 4124 indicari
678 4064 829 4124 notares
851 4065 910 4123 est.
957 4058 1063 4141 Atque
1086 4056 1139 4122 hic
1161 4075 1239 4122 usus
1262 4055 1535 4143 inscriptionibus,
1566 4056 1708 4124 certissi-

365 4175 426 4242 mis
449 4177 596 4260 testibus,
623 4177 732 4262 utique
754 4178 985 4264 comprobatur.

449 4297 486 4362 ln
509 4296 637 4364 decreto
661 4299 881 4366 Piraeensium
909 4301 956 4382 (C.
974 4299 1001 4364 l.
1019 4299 1058 4380 A.
1084 4299 1115 4362 ll
1138 4301 1212 4380 573,
1231 4301 1277 4383 9),
1303 4298 1513 4385 praecipitur,
1540 4307 1575 4366 ut
1596 4297 1709 4364 titulus

362 4418 534 4486 collocetur
555 4419 588 4485 in
612 4419 679 4486 foro
701 4439 898 4505 paganorum
926 4421 1044 4506 (στῆσαι
1066 4421 1097 4484 ἐν
1120 4425 1156 4506 τῇ
1181 4415 1279 4507 ἀγορᾷ
1301 4423 1356 4485 τῶν
1378 4422 1547 4506 δημοτῶν);
1574 4419 1606 4484 in
1623 4419 1711 4485 eius-

364 4537 437 4604 dem
464 4539 540 4625 pagi
569 4539 699 4607 decreto
724 4559 855 4626 prorsus
878 4539 994 4622 simili,
1028 4547 1063 4606 ut
1084 4547 1222 4626 ponatur
1244 4541 1278 4606 in
1300 4541 1374 4608 iano
1397 4542 1516 4608 Vestae
1544 4541 1590 4624 (C.
1615 4541 1641 4606 I.
1667 4541 1706 4606 A.

450 4765 467 4828 ¹}
489 4765 525 4819 de
543 4765 667 4820 comitiis
685 4762 790 4821 Athen.
808 4763 969 4835 Gryphisw.
987 4765 1061 4816 1819.
1081 4780 1108 4834 p.
1123 4767 1154 4816 rt
1169 4781 1209 4836 sq.
1232 4781 1259 4834 p.
1274 4768 1324 4818 376
1337 4783 1379 4836 sq.
1411 4767 1454 4820 ld.
1475 4765 1620 4836 antiquitt.
1641 4764 1710 4820 iuris

362 4849 440 4918 publ.
459 4851 560 4906 Gracc.
580 4851 823 4924 Gryphisw.18:l8
841 4869 869 4921 p.
885 4852 934 4901 tut
948 4866 990 4920 sq.
1017 4851 1072 4904 Dt'c
1090 4851 1417 4923 Veqsuasuupapaschr'chte
1430 4852 1531 4906 Album
1543 4857 1591 4906 etc.
1618 4852 1707 4922 Lapa

366 4937 431 4987 1854
471 4938 522 4987 ‚ul
575 4977 581 4989 .

448 4951 468 5084 ‘g
490 5021 521 5076 ln
539 4953 703 5080 iguversum
726 5027 816 5096 probo
839 5041 911 5095 quae
936 5023 972 5078 A.
993 5025 1116 5096 Philippi
1141 5027 1177 5081 de
1202 5026 1237 5080 iis
1261 5029 1401 5097 exposuit,
1430 5026 1559 5096 lteitrupe
1582 5045 1612 5080 au
1637 5027 1710 5082 einer

366 5107 519 5166 Geachs'obtc
537 5109 583 5162 des
601 5115 649 5163 att.
670 5112 874 5182 Bu'trpmeohts.
905 5111 1002 5166 Berlin
1023 5114 1089 5165 istu
1106 5130 1134 5183 p.
1151 5115 1208 5168 149.
1232 5115 1288 5166 158.
1312 5115 1374 5166 toea
1400 5113 1453 5168 nisi
1476 5113 1549 5186 quod
1569 5113 1644 5170 lutet·
1661 5115 1710 5171 de-

361 5209 421 5250 snos
439 5194 563 5250 urbanos
581 5203 611 5252 et
629 5199 751 5255 rusticos
770 5199 922 5256 discrimen
941 5199 1137 5256 intercessisse
1155 5215 1237 5272 nego.
