4452 6384
749 753 1013 839 amanuenses
1032 752 1293 810 EPIGRAPHICA
1633 757 1689 820 131

346 942 384 1006 In
400 941 531 1026 reliquis
547 949 597 1008 est
614 942 741 1007 ΕΤΑΚ
761 968 778 1006 c
798 945 866 1028 (pro
885 944 915 1007 Τ
933 944 1150 1029 reponendum
1167 947 1219 1028 Π),
1249 944 1396 1010 ΕΠΑΚΟ
1418 947 1446 1028 b,
1477 939 1660 1030 ficator>
1674 969 1695 1010 a

347 1069 428 1128 teste
444 1061 652 1141 Kirchhoifio,
672 1064 756 1146 quod
774 1085 844 1129 cum
862 1061 983 1130 ἐπακόω
998 1085 1070 1132 esse
1085 1065 1256 1146 videretur,
1282 1066 1357 1132 inde
1374 1067 1550 1158 Foucartus
1566 1066 1695 1132 dualem

347 1183 492 1268 arripuit.
532 1185 602 1267 ldgo
623 1205 687 1250 non
709 1185 803 1252 credo
825 1185 965 1252 litteram
986 1186 1016 1250 Ω
1035 1192 1120 1252 recte
1143 1186 1225 1270 legi;
1253 1187 1280 1251 si
1297 1189 1328 1252 O
1345 1187 1416 1272 fuit,
1442 1187 1693 1272 intellegendum

349 1302 475 1370 videtur
496 1301 670 1389 iaoadop),
703 1306 886 1392 pariterque
908 1306 940 1372 in
965 1309 999 1390 d,
1032 1307 1066 1372 in
1088 1328 1151 1390 quo
1174 1307 1296 1372 nullum
1324 1316 1374 1374 cst
1396 1309 1536 1394 spatium
1559 1329 1694 1375 vacuum

347 1424 430 1490 inter
451 1427 546 1490 ἑπακο
569 1433 601 1492 et
622 1425 756 1514 ilprando:
779 1447 895 1492 nomen
925 1427 1011 1510 quod
1036 1429 1190 1511 sequitur.
1237 1429 1302 1494 Sed
1325 1429 1352 1495 si
1375 1430 1446 1514 quis
1468 1430 1562 1496 aliter
1584 1430 1691 1512 sentit,

349 1566 412 1610 non
427 1566 582 1631 repugno.
620 1547 735 1613 Dualis
758 1554 843 1614 certe
862 1547 986 1613 numeri
1001 1549 1137 1614 certiora
1151 1550 1300 1634 exempla
1316 1549 1477 1616 Laconica
1492 1549 1695 1635 expectanda

349 1675 457 1746 crnnt;
494 1689 569 1733 nam
600 1667 685 1751 quod
715 1668 867 1735 dicebant
896 1666 945 1733 ναὶ
965 1665 1008 1734 roi
1031 1665 1103 1752 oroi,
1141 1691 1204 1734 non
1235 1671 1350 1756 probat
1378 1671 1488 1754 quinto
1518 1679 1694 1756 quartoque

350 1789 480 1854 saeculo
503 1789 536 1854 in
559 1789 673 1855 ceteris
695 1809 820 1873 quoque
843 1790 1009 1856 vocabulis
1032 1809 1088 1856 eas
1111 1791 1229 1857 iormas
1247 1790 1399 1874 riguisse.
1440 1792 1477 1856 ln
1493 1792 1585 1858 titulo
1601 1793 1695 1858 Delio

350 1929 452 1994 nuper
480 1909 612 1976 invento
646 1911 745 1994 (Ball.
777 1912 815 1974 cle
844 1933 926 1976 corr.
959 1910 1033 1975 tell.
1061 1911 1119 1987 III,
1149 1915 1196 1997 12)
1232 1919 1282 1978 est
1310 1913 1487 2000 ἐβασίλευον
1516 1920 1549 2010 et
1577 1914 1695 1980 deinde

349 2028 454 2116 ἔφοροι
476 2021 569 2116 irco:
602 2031 690 2096 illius
719 2031 824 2097 simile
855 2039 904 2097 est
927 2029 1053 2110 ἐπάκοε;
1087 2032 1130 2098 ad
1152 2032 1247 2098 huius
1269 2053 1413 2100 normam
1435 2035 1605 2101 dicendum
1628 2041 1698 2100 erat

351 2147 478 2216 ἐπακόοι
500 2151 569 2217 sive
587 2147 725 2234 ἐπάκοος,
752 2152 821 2218 scil.
846 2145 924 2239 ἦσαν
946 2153 998 2219 vel
1020 2145 1068 2238 ἦν,
1095 2152 1178 2219 sieut
1198 2155 1295 2238 vulgo
1317 2155 1351 2220 in
1373 2155 1492 2221 talibus
1515 2156 1616 2222 titulis
1639 2176 1697 2220 ex-

350 2277 414 2336 stat
436 2267 583 2360 μάρτυρες
604 2272 657 2338 vel
680 2271 834 2360 μαρτύροι.

436 2393 561 2478 Agmen
584 2393 714 2459 claudat
735 2393 933 2478 Corcyraeus
956 2395 1068 2460 titulus
1084 2395 1277 2462 Menecratis
1299 2396 1465 2480 formaque
1486 2397 1627 2482 genetivi
1650 2397 1695 2464 ibi
1718 2399 1735 2484 §
1759 2401 1777 2462 8

350 2513 470 2599 scripta
491 2511 665 2596 llcclcfo,
697 2535 793 2597 qnam
817 2515 881 2580 scis
903 2522 1041 2600 quantas
1064 2516 1173 2581 turbas
1197 2517 1332 2583 dederit.
1378 2519 1448 2602 Ego
1470 2518 1588 2584 laciam
1611 2517 1696 2602 quod

350 2655 490 2718 possum,
516 2655 557 2700 ne
579 2635 651 2719 quis
675 2655 714 2700 ea
735 2636 769 2700 in
792 2643 955 2720 porterum
971 2637 1022 2701 vol
1043 2643 1151 2701 utatur
1166 2638 1217 2703 rel
1234 2639 1394 2703 abutatur.
1434 2638 1514 2717 Quis
1530 2645 1579 2704 est
1600 2646 1696 2723 podta

350 2755 404 2838 qui
435 2755 467 2820 id
496 2756 636 2839 elogium
663 2756 860 2840 composuit:l
902 2757 1027 2841 Nempe
1050 2758 1248 2841 Corcyraeos
1278 2759 1371 2824 lmmo
1394 2760 1547 2843 Doricus,
1579 2760 1633 2842 qui
1663 2761 1695 2825 in

350 2875 578 2942 consuetudine
602 2896 728 2960 semper
744 2875 860 2941 Tlucia
883 2883 915 2942 et
931 2877 1056 2942 dixerat
1071 2885 1103 2942 et
1119 2878 1296 2944 audiverat.
1335 2880 1427 2946 Unde
1443 2901 1518 2964 ergo
1534 2879 1695 2958 Tlcaiafo

349 2997 435 3062 istud
465 2997 662 3081 assumpsit?
706 2997 863 3063 Videlicet
892 2999 933 3063 ab
955 2999 1093 3064 Homero
1123 3007 1284 3066 mutuatus
1315 3009 1375 3066 est.
1422 2993 1460 3066 In
1490 3002 1559 3068 eius
1589 3009 1695 3067 autem

349 3119 439 3183 libris
469 3119 527 3182 illa
555 3125 661 3184 aetate
680 3114 857 3205 'rlrpaldofo
888 3119 1041 3204 scriptum
1073 3120 1172 3186 fuisse
1202 3141 1295 3187 nemo
1318 3123 1516 3206 opinabilem
1547 3119 1696 3208 Ἀτρείδαο

260 3241 262 3246 ’
349 3247 446 3326 po'eta
469 3246 576 3305 noster
597 3239 730 3322 invenit,
756 3238 918 3323 digamma
939 3239 979 3305 de
1001 3261 1059 3306 suo
1082 3241 1218 3307 addidit.
1265 3242 1303 3308 ld
1326 3251 1433 3308 autem
1456 3243 1528 3309 ideo
1551 3243 1636 3326 fecit,
1663 3249 1698 3308 ut

350 3361 483 3439 formam
506 3360 642 3425 ionicam
666 3359 804 3426 dialecto
827 3360 954 3426 doricae
969 3362 1235 3428 accommodaret.
1280 3363 1442 3429 Discimus
1464 3363 1615 3446 igiturex
1637 3363 1697 3428 lroe

350 3483 440 3547 titulo
463 3480 548 3566 quod
570 3480 700 3546 aliunde
727 3481 863 3564 scimus,
895 3483 1024 3548 vocales
1048 3483 1116 3548 ΑΟ
1149 3483 1183 3548 in
1206 3482 1345 3550 dialecto
1373 3483 1483 3550 dorica
1511 3483 1697 3550 coniunctas

351 3623 523 3686 numquam
554 3602 622 3669 lere
652 3601 770 3685 luisse,
804 3602 862 3668 sed
892 3609 949 3668 aut
977 3602 1139 3687 digamma
1167 3604 1390 3671 intercessisse
1412 3610 1468 3670 aut
1491 3625 1546 3670 eas
1569 3605 1698 3670 vocales

350 3730 530 3790 contractas
561 3743 643 3790 esse.
691 3723 902 3807 Digammatis
932 3725 1081 3808 exempla
1111 3723 1190 3790 haec
1219 3732 1328 3791 sunto:
1365 3724 1464 3803 rofio
1494 3726 1544 3790 tit.
1575 3726 1694 3791 Lacon.

356 3847 439 3909 Ball.
465 3847 504 3909 dc
525 3867 607 3908 corr.
633 3844 708 3908 tell.
734 3845 790 3928 Ill,
820 3847 876 3924 ta;
905 3841 1094 3923 dufoxdfos
1118 3846 1252 3931 Byzant.
1279 3868 1331 3932 ap.
1359 3846 1513 3912 Priscian.
1539 3847 1566 3930 Ι,
1588 3850 1640 3910 22.

437 3965 501 4030 Sed
530 3965 610 4030 haec
637 3965 806 4030 hactenus.
860 3965 1014 4050 Superest
1046 3972 1081 4030 ut
1110 3974 1313 4051 conspectum
1343 3987 1451 4032 earum
1485 3987 1590 4032 rerum
1624 3987 1698 4052 pro-

353 4107 481 4172 ponam,
507 4085 548 4151 de
570 4085 685 4169 quibus
707 4085 741 4150 in
763 4085 824 4151 hac
847 4087 1168 4152 commentatiuncula
1191 4087 1254 4171 egi.

436 4209 453 4292 ᾗ
473 4213 500 4271 l.
540 4206 636 4292 Apud
649 4207 825 4272 Thessalos
840 4227 896 4290 pro
919 4196 991 4288 ΦΘ,
1021 4203 1084 4272 ΠΤ
1101 4207 1261 4272 interdum
1277 4208 1379 4276 fuisse
1397 4206 1473 4290 ΤΘ,
1495 4208 1574 4292 ΤΤ,
1601 4229 1698 4294 prac-

350 4329 604 4414 positionemque
627 4325 675 4391 ἐπί
696 4333 849 4410 sequente
872 4326 1007 4392 articulo
1028 4334 1061 4393 et
1082 4348 1248 4414 apocopen
1270 4349 1401 4414 passam
1417 4349 1489 4395 esse
1505 4337 1538 4394 et
1560 4331 1698 4396 assimu-

350 4450 501 4515 latiouem
524 4469 618 4532 quam
642 4447 709 4512 dixi
739 4446 763 4510 ll
793 4447 929 4512 litterae.

436 4571 500 4654 §2
540 4568 635 4654 Apud
664 4567 794 4634 eosdem
823 4567 1008 4650 genetivum
1037 4568 1159 4653 primae
1189 4568 1411 4636 declinationis
1441 4572 1493 4637 vel
1522 4571 1556 4636 in
1585 4574 1616 4636 Α
1647 4575 1699 4638 vel

350 4691 383 4757 in
406 4692 513 4755 ΑΟΣ
548 4690 751 4756 terminatum
781 4689 898 4769 fuisse3
933 4689 966 4754 in
995 4689 1156 4754 secundae
1186 4690 1337 4772 genetivo
1364 4692 1430 4754 ot
1453 4713 1516 4756 non
1548 4692 1593 4758 ita
1615 4693 1701 4758 anti-

351 4833 446 4898 quum
470 4831 552 4894 esse,
579 4831 650 4878 cnm
673 4809 779 4876 adhuc
800 4808 982 4875 inveniatur
1005 4809 1050 4872 Ω.

437 4933 454 5018 ξ
470 4937 501 4997 3.
534 4931 807 4998 Consuetudinem
823 4929 1009 5015 duplicandi
1029 4931 1218 5006 {litteram
1235 4939 1310 4998 ante
1326 4940 1555 4999 consonantem
1571 4934 1701 5001 minime

350 5056 449 5122 alium
473 5053 543 5120 cius
566 5053 692 5119 litterae
716 5071 828 5117 sonum
850 5051 1007 5117 indicare.

437 5177 501 5263 §t
543 5172 829 5240 Grammaticorum
859 5171 1076 5238 testimonium
1107 5171 1148 5240 de
1174 5173 1201 5236 Z
1225 5173 1348 5257 littera,
1382 5175 1468 5258 quod
1497 5197 1569 5242 eam
1600 5197 1640 5242 cx
1669 5181 1698 5242 Σ

1383 5301 1388 5312 .
1458 5296 1496 5350 9,
