4118 6240
432 594 473 656 88
1008 589 1042 644 n.
1062 587 1203 644 nrnnaa

432 802 508 861 nes3
540 781 590 847 bis
612 781 697 847 enim
720 781 761 847 ab
783 781 950 847 Athenaeo
974 786 1261 846 commemorantur
1282 778 1470 863 Hieronymi
1493 775 1679 865 ἱστορικὰ
1701 774 1776 844 ὑπο-

433 899 574 989 μνήματα
602 903 651 984 ίίι.
677 903 731 969 VI.
758 903 843 985 Vll),
869 901 919 967 bis
942 923 962 967 a
984 901 1111 967 Laertio
1133 903 1192 966 τῶν
1216 895 1416 987 σποράδην
1444 894 1663 985 ὑπομνημάτων
1693 897 1726 965 τὸ
1749 899 1775 987 β’

436 1025 486 1111 (fr.
511 1025 571 1090 IX.
597 1024 661 1105 XJ:
694 1022 854 1108 pertinent
883 1027 992 1090 autem
1016 1022 1176 1089 Athenaei
1204 1022 1266 1087 loci
1294 1021 1337 1087 ad
1364 1021 1532 1106 Sophoclis
1560 1028 1593 1086 et
1614 1022 1778 1108 Euripidis

434 1165 571 1227 amores,
598 1143 719 1208 Laertii
741 1143 784 1209 ad
806 1143 973 1209 historiam
995 1143 1268 1229 philosophorum.
1314 1141 1374 1206 His
1395 1141 1500 1208 titulis
1516 1163 1614 1208 unum
1629 1142 1778 1226 idemque

432 1285 513 1351 opus
543 1265 717 1350 significari
747 1264 929 1330 coniectura
955 1271 1005 1330 est
1034 1263 1122 1329 haud
1143 1263 1365 1349 improbabilis
1387 1263 1445 1328 illa
1467 1263 1614 1348 quidem,
1648 1264 1778 1331 minime

432 1397 541 1455 tamen
563 1394 666 1465 certa;
693 1386 771 1470 quid
792 1386 876 1451 eninr
899 1386 1005 1452 obstat
1026 1406 1088 1471 quo
1111 1385 1216 1450 minus
1230 1367 1461 1470 Hieronymum
1484 1384 1565 1452 duas
1588 1406 1694 1451 rerum
1710 1407 1779 1452 me-

433 1508 633 1575 morabilium
657 1507 861 1573 collectiones
884 1506 1021 1573 diversis
1042 1506 1147 1573 titulis
1168 1505 1374 1592 inscripsisse
1397 1512 1567 1592 putemusr
1601 1508 1651 1574 Of.
1670 1509 1778 1574 Luzac

433 1653 466 1716 p.
485 1633 559 1695 228.
585 1629 713 1696 Glinton
728 1629 818 1694 Fast.
835 1628 922 1694 Hell.
941 1628 991 1693 Ill
1013 1650 1044 1713 p.
1067 1631 1115 1691 to.
1143 1627 1281 1694 Mueller
1296 1627 1412 1712 fragm.
1430 1628 1506 1694 hist.
1525 1628 1581 1693 Gr.
1600 1629 1632 1694 Il
1648 1651 1680 1714 p.
1699 1633 1774 1694 271.

433 1751 553 1817 llaiore
568 1751 665 1816 etiam
682 1769 753 1815 cum
768 1749 1012 1833 inscriptionum
1027 1747 1184 1814 varietate
1199 1748 1383 1815 Aristoxeni
1405 1749 1656 1835 hypomnemata
1675 1750 1778 1816 citan-

433 1879 501 1950 tur;
527 1871 694 1937 laudatum
710 1871 796 1937 enim
810 1869 992 1936 invenimus
1010 1864 1210 1956 Ἀριστόξενον
1233 1872 1264 1935 ἐν
1287 1872 1348 1944 τοῖς
1372 1871 1531 1957 ἱστορικοῖς
1554 1865 1774 1957 ὑπομνήμασιν,

435 1996 466 2058 ἐν
489 1994 550 2066 τοῖς
574 1988 744 2079 σποράδην,
770 1991 801 2056 ἔν
824 2015 882 2056 τινι
903 1994 959 2055 τῶν
982 1990 1151 2076 συμμίκτων
1175 1986 1412 2076 ὑπομνημάτων,
1443 1994 1474 2058 ἐν
1496 1995 1557 2066 τοῖς
1579 1990 1657 2058 κατὰ
1679 1991 1778 2081 βραχὺ

434 2110 654 2200 δπομνάμασιν.
701 2113 776 2179 Fuit
796 2119 964 2198 practerea
981 2111 1072 2178 aliud
1087 2131 1168 2197 opus
1183 2112 1466 2198 hypomnematum
1482 2112 1703 2181 historicorum
1719 2135 1779 2181 no-

434 2236 519 2302 mine
548 2235 736 2319 inscriptum
765 2233 857 2299 cuius
885 2239 996 2300 auctor
1023 2239 1128 2299 utrum
1151 2233 1341 2300 Aristoteles
1364 2255 1405 2300 an
1427 2234 1670 2321 Theophrastus
1692 2244 1780 2303 esset

434 2355 657 2434 dubitabatur;
690 2354 903 2420 incertissima
924 2361 1033 2420 autem
1056 2354 1209 2420 memoria
1231 2361 1280 2422 est
1302 2354 1585 2440 hypomnematum
1608 2356 1779 2422 historico-

434 2499 503 2542 rum
526 2497 609 2560 quae
625 2475 826 2542 Theodectes
848 2476 952 2542 minor
971 2475 1187 2561 composuisse
1210 2475 1410 2561 perhibetur:
1438 2477 1479 2542 cf.
1498 2477 1637 2543 Mueller
1651 2499 1684 2563 p.
1701 2481 1774 2543 369.
1863 2567 1867 2574 ¹

433 2597 595 2664 Disseruit
617 2597 658 2663 de
680 2597 741 2663 hoc
763 2597 925 2663 scribendi
946 2617 1066 2681 genere
1088 2616 1149 2680 quo
1172 2595 1280 2662 varias
1301 2617 1407 2663 rernm
1429 2597 1650 2664 historicarum
1666 2619 1778 2665 narra-

432 2720 536 2785 tiones
558 2719 759 2784 conscribere
781 2718 932 2785 solebant
952 2717 1097 2784 homines
1120 2718 1237 2784 eruditi
1252 2718 1420 2803 Koepkius
1443 2717 1484 2785 de
1507 2718 1662 2803 hypomn.
1687 2719 1743 2784 Gr.
1763 2721 1778 2785 Ι

434 2862 466 2926 p.
495 2845 533 2904 10
556 2858 624 2923 sqq.
673 2839 763 2918 Quae
797 2835 950 2926 σποράδην
980 2839 1228 2925 appellabantur
1264 2839 1514 2924 hypomnemata
1550 2846 1636 2906 certo
1668 2841 1779 2909 ordine

433 2967 529 3046 atque
559 2981 682 3026 conexu
705 2960 847 3026 caruisse
876 2981 917 3027 ex
944 2961 1017 3046 ipsa
1046 2961 1107 3026 hac
1129 2959 1361 3044 significatione
1383 2967 1533 3051 apparet3
1566 2963 1778 3044 nequeenim

432 3089 519 3149 recte
542 3103 613 3147 cam
636 3081 864 3166 interpretatus
887 3088 936 3148 est
951 3082 1163 3148 Oasaubonus
1184 3080 1228 3146 ad
1243 3080 1350 3147 Laert.
1368 3080 1465 3166 Diog.
1484 3082 1500 3146 I
1516 3085 1568 3146 26.
1608 3084 1636 3148 Ε
1643 3083 1778 3169 pistu-

434 3203 498 3268 las
520 3203 660 3286 denique
682 3202 764 3267 varii
786 3202 915 3286 generis
938 3210 1035 3285 atque
1057 3201 1237 3285 argumenti
1256 3222 1297 3267 ex
1312 3202 1545 3287 antiquioribus
1560 3204 1779 3290 peripateticis

434 3330 677 3408 composuerant
692 3323 946 3409 Theophrastus,
968 3322 1204 3406 Dicaearchus
1223 3324 1383 3408 Lynceus,
1407 3325 1530 3404 Strato3
1557 3326 1777 3393 collectionem

434 3443 643 3529 epistularum
658 3443 825 3510 Aristoteli
839 3443 1074 3529 adscriptorum
1088 3443 1227 3509 instituit
1241 3444 1382 3510 Artemo.
1423 3445 1567 3530 Apparet
1580 3446 1679 3530 igitur
1692 3447 1778 3530 quod

434 3564 477 3630 ad
499 3585 621 3648 genera
647 3565 799 3630 librorum
821 3564 936 3631 attinet
958 3565 1187 3649 Hieronymum
1210 3564 1279 3632 sere
1301 3571 1445 3631 secutum
1469 3585 1542 3632 esse
1564 3567 1778 3652 antiquiorum

434 3685 713 3772 peripateticorum
736 3685 932 3771 exemplum.
979 3686 1128 3753 Ceterum
1151 3686 1228 3770 quin
1250 3686 1347 3752 etiam
1366 3685 1434 3752 alia
1448 3694 1576 3772 praeter
1590 3709 1630 3755 ea
1644 3709 1777 3773 quorum

433 3807 544 3873 titulos
573 3805 719 3872 novimus
749 3807 791 3872 ab
821 3826 860 3873 eo
889 3806 978 3872 edita
1007 3806 1072 3872 sint
1100 3807 1234 3894 scripta,
1271 3806 1412 3873 dubitari
1440 3807 1560 3892 nequit.
1608 3810 1792 3878 Sermones

434 3928 518 3993 inter
540 3927 720 3992 convivium
743 3926 870 3994 habitos
893 3947 967 3993 eum
982 3928 1171 4013 exposuisse
1186 3927 1376 3994 Plutarchus
1392 3936 1502 3995 auctor
1517 3936 1567 3996 est
1581 3930 1665 4017 disp.
1684 3952 1775 3999 conv.

435 4068 575 4134 prooem.
590 4070 632 4134 ¹p.
658 4052 737 4112 612:
771 4045 835 4114 ἐπεί
863 4047 970 4114 δὲκαὶ
1000 4048 1048 4113 σοί
1077 4052 1160 4114 δοκεῖ
1189 4052 1247 4114 τῶν
1279 4048 1331 4135 μὲν
1362 4045 1480 4115 ἀτόπων
1504 4046 1523 4137 ἡ
1547 4047 1629 4138 ληδη
1652 4058 1694 4141 τῷ
1716 4046 1778 4120 ἀντι

436 4166 515 4257 σοφὴ
545 4165 612 4234 κατ’
640 4165 804 4256 Εὐριπίδην
835 4169 929 4253 εἶναι,
962 4167 995 4236 τὸ
1024 4169 1058 4236 δὲ
1082 4161 1162 4244 δλως
1185 4167 1366 4257 ἀμνημονεῖν
1389 4176 1448 4235 τῶν
1471 4172 1503 4236 ἐν
1526 4169 1599 4261 οἴνῳ
1623 4171 1664 4261 μὴ
1688 4171 1777 4260 μόνον

434 4298 477 4378 τῷ
500 4293 649 4378 φιλοποιῷ
672 4291 825 4378 λεγομένῳ
850 4287 1004 4379 μάχεσίλαι
1024 4297 1077 4378 τῆς
1099 4293 1260 4378 τραπέζης,
1286 4287 1364 4357 ἀλλὰ
1380 4291 1431 4357 καὶ
1446 4297 1505 4358 τῶν
1521 4291 1697 4383 φιλοσόφων
1712 4295 1780 4372 τοὺς

434 4407 690 4499 ἐλλογιμωτάτους
715 4408 1002 4500 ἀντιμαρτυροῦντας
1024 4413 1117 4501 ἔχειν,
1138 4408 1289 4479 Πλάτωνα
1311 4411 1362 4479 καί
1376 4414 1558 4502 Ξενοφῶντα
1579 4414 1630 4482 καί
1642 4415 1779 4506 Ἀριστο-

434 4536 523 4620 τέλην
551 4530 602 4598 καί
624 4529 811 4599 Σπεύσιππον
830 4530 1006 4621 Ἐπίκουρόν
1035 4560 1067 4600 τε
1089 4533 1141 4599 καί
1165 4530 1312 4622 Πρύτανιν
1334 4536 1387 4602 καί
1403 4532 1583 4624 Ἱερωνδρον
1606 4537 1657 4603 καὶ
1679 4539 1780 4606 Δίωνα

435 4652 485 4722 τὸν
508 4657 538 4729 ἐξ
557 4650 766 4740 Ἀκαδημείας,
793 4650 834 4728 ὡς
850 4647 930 4728 ἀίιόν
946 4681 1024 4730 τινος
1041 4659 1170 4742 σπουδῆς
1185 4658 1403 4743 πεποιημένους
1418 4657 1517 4745 ἔργον,
1544 4655 1781 4748 ἀναγράψασθαι

436 4773 543 4864 λόγους
571 4773 654 4864 παρά
682 4771 771 4841 πότον
801 4779 978 4862 γενομένους
1001 4780 1063 4842 κτλ.
1110 4779 1224 4863 Itaque
1254 4779 1369 4846 librum
1394 4781 1559 4866 συμποσίου
1580 4782 1708 4850 nomine
1730 4784 1780 4849 in-

437 4899 591 4984 scriptum
606 4898 648 4963 ab
659 4898 856 4984 Hieronymo
872 4898 993 4965 editum
1009 4919 1082 4966 esse
1098 4900 1307 4986 probabiliter
1321 4907 1428 4987 potest
1439 4903 1555 4974 statui:
1574 4902 1617 4968 cs.
1633 4904 1781 4971 Schmidt

438 5019 570 5105 Didymi
592 5019 708 5103 fragm.
735 5041 767 5106 p.
786 5023 860 5085 368.
908 5021 995 5099 Quos
1017 5020 1116 5087 libros
1138 5022 1180 5087 ab
1202 5021 1277 5087 aliis
1299 5023 1491 5108 compositos
1512 5023 1726 5109 Hieronymus
1748 5027 1780 5091 in
