4452 6384
803 733 854 789 DE
872 732 981 789 solus
1000 731 1241 790 Ausetanum
1638 737 1698 800 153

351 941 424 990 esse
453 923 618 990 demotum
648 923 853 1008 probaretur,
887 922 971 990 sieut
1000 923 1062 990 vici
1091 929 1201 1009 partes
1224 929 1299 989 snut
1320 923 1486 1008 regionum
1509 923 1587 990 XIV
1609 923 1698 990 urbis

350 1045 482 1127 Romae,
508 1044 587 1110 mihi
609 1043 738 1128 quidem
761 1063 829 1110 rem
851 1063 915 1110 non
938 1044 1090 1129 expedire
1113 1043 1271 1126 videntur,
1300 1043 1378 1129 quia
1399 1043 1433 1111 in
1455 1044 1495 1111 iis
1517 1044 1696 1112 technicam

349 1185 434 1248 quae
456 1163 573 1231 dicitur
594 1163 744 1231 vocabuli
767 1163 1032 1249 significationem
1055 1163 1203 1231 desidero
1215 1165 1249 1250 ¹).
1296 1164 1344 1230 Ac
1371 1171 1494 1232 tantum
1521 1165 1629 1250 abest,
1664 1173 1699 1232 ut

350 1289 449 1370 κῶρκι
476 1291 585 1370 partes
615 1283 679 1352 sint
708 1284 889 1365 domorum,
922 1290 958 1351 nt
986 1306 1049 1352 nuo
1077 1283 1206 1368 quidem
1237 1285 1384 1372 exemplo
1406 1285 1486 1352 duos
1509 1285 1621 1353 domos
1644 1307 1698 1352 ur-

350 1406 451 1472 banos
480 1405 617 1472 Athenis
644 1405 679 1471 in
708 1426 773 1472 nna
801 1402 890 1492 κώμῃ
921 1405 1104 1472 coniunctos
1133 1405 1234 1472 fnisse
1263 1405 1411 1472 videatur
1440 1425 1535 1492 posse
1565 1405 1698 1474 demon-

351 1526 455 1592 strari.
509 1525 690 1592 Scholiasta
712 1526 938 1612 Aristophanis
960 1528 1019 1592 hv.
1046 1529 1127 1608 997,
1161 1527 1215 1611 qui
1238 1547 1279 1592 ex
1308 1527 1428 1612 optimo
1458 1526 1545 1594 fonte
1575 1527 1693 1611 hausit,

352 1646 481 1714 disertis
504 1646 612 1714 verbis
635 1645 712 1713 dicit
735 1643 876 1712 Κολωνὸν
901 1643 1043 1734 ἀγοραῖον
1066 1647 1150 1714 intra
1164 1647 1307 1715 Melitam
1330 1647 1426 1713 situm
1441 1647 1554 1714 fuisse.
1593 1648 1698 1714 Huius

352 1766 552 1834 difficultatis
583 1767 698 1834 solutio
721 1767 964 1834 Wachsmuthio
986 1789 1018 1853 p.
1046 1770 1107 1832 3⁴8
1125 1788 1173 1852 sq.
1199 1790 1262 1835 non
1284 1787 1436 1854 prospere
1459 1768 1567 1834 cessit.
1613 1769 1698 1834 Nam

353 1888 401 1954 vir
423 1887 535 1954 doctus
557 1893 652 1954 etex
674 1887 734 1954 hoo
756 1889 827 1955 loco
856 1895 889 1956 et
918 1910 959 1956 ex
989 1889 1114 1956 duobus
1136 1889 1427 1975 Harpocrationis²l
1454 1889 1571 1974 quibus
1593 1890 1699 1974 Eury-

353 2009 438 2076 saois
466 2008 567 2076 aedes
589 2007 720 2075 Melitae
750 2007 927 2093 eademque
956 2009 990 2076 in
1012 2009 1133 2076 Colono
1162 2009 1353 2092 collocatur,
1387 2009 1543 2076 conclusit
1570 2010 1698 2076 omnino

352 2130 480 2198 demum
502 2129 630 2196 nomine
649 2125 791 2203 Κολωνὸς
814 2125 954 2218 ἀγοραῖος
976 2150 1149 2214 numquam
1172 2129 1329 2198 extitisse.
1370 2130 1474 2212 Quam
1493 2131 1695 2216 sententiam,

352 2253 429 2318 'l'rm
453 2251 529 2317 olim
552 2249 763 2336 improbatam
788 2250 810 2315 l.
837 2271 865 2316 c.
890 2271 924 2336 p.
953 2253 1004 2315 18.
1033 2253 1089 2333 19,
1115 2251 1166 2318 W.
1192 2251 1490 2338 Dittenbergerusll
1517 2251 1701 2338 inscriptio-

352 2391 428 2437 num
458 2390 571 2438 reoens
598 2373 795 2456 repertarum
821 2369 1012 2438 testimoniis
1040 2371 1086 2438 ita
1113 2372 1280 2456 refutavit,
1313 2379 1348 2438 ut
1376 2371 1484 2439 nullus
1507 2371 1698 2440 dubitationi

353 2492 442 2558 loeus
464 2491 594 2559 relictus
617 2491 668 2558 sit.
709 2491 794 2572 Quid
816 2491 914 2576 igitur
935 2492 1139 2559 statuendum
1156 2498 1228 2559 esti
1259 2493 1385 2578 Nempe
1407 2490 1495 2580 κοίρη
1520 2492 1589 2559 sive
1611 2493 1700 2578 regio

352 2611 490 2680 nominis
516 2611 602 2696 quod
632 2619 683 2678 est
704 2612 816 2679 Melita
845 2612 942 2678 latins
971 2612 1089 2698 patuit,
1122 2633 1219 2697 qnam
1248 2612 1393 2680 eiusdem
1422 2614 1559 2682 nominis
1589 2616 1696 2700 δῆμος.

353 2733 480 2800 Etcum
496 2733 672 2800 scholiasta
687 2732 730 2799 ad
745 2732 829 2799 hano
844 2753 911 2799 rem
927 2731 1209 2800 demonstrandam
1232 2733 1275 2800 ad
1298 2734 1414 2802 librum
1437 2735 1489 2802 cui
1511 2735 1699 2821 inscriptum

351 2861 422 2922 erat
438 2849 560 2942 ’ὃριοροί
582 2858 635 2940 τῆς
657 2849 773 2927 πόλεως
795 2860 964 2939 provocet,
997 2853 1030 2920 in
1058 2874 1096 2920 eo
1127 2875 1190 2920 non
1213 2853 1377 2921 demornm
1400 2855 1611 2940 urbanorum,
1641 2856 1700 2922 sed

352 2974 518 3060 regionum
546 2974 635 3041 urbis
665 2973 904 3058 discriptionem
935 2975 1198 3060 comprehensam
1230 2974 1331 3042 faisse
1354 2975 1517 3062 suspicor:
1550 2977 1638 3062 qnod
1666 2977 1699 3042 ni

352 3095 447 3162 fallor
468 3094 532 3181 ipsi
554 3094 660 3161 libelli
681 3093 774 3160 titulo
796 3093 913 3160 melius
937 3095 1095 3161 convenit.
1459 3099 1461 3102 ’

440 3216 544 3300 Atque
568 3236 609 3282 ex
632 3215 683 3282 his
706 3214 843 3281 fortasse
866 3214 1060 3281 scholiastae
1083 3215 1191 3282 verbis
1214 3222 1246 3282 et
1268 3237 1308 3282 ex
1332 3217 1498 3285 Strabonis
1521 3219 1591 3284 loeo
1622 3239 1700 3284 cou-

351 3338 534 3420 clamato⁴,·,
560 3355 622 3420 qno
645 3335 739 3402 modo
761 3335 814 3401 bic
836 3336 964 3402 libellus
987 3335 1184 3422 compositus
1207 3336 1314 3420 luerit,
1340 3338 1500 3424 expiscari
1515 3359 1696 3425 possumus.

352 3457 436 3522 Nam
465 3456 729 3538 Eratosthenem,
767 3456 857 3522 euius
887 3457 1196 3541 argumentationem
1225 3457 1341 3524 Strabo
1371 3459 1393 3524 l.
1427 3460 1449 3524 l.
1482 3480 1605 3526 morose
1638 3461 1699 3526 im-

351 3585 486 3664 pugnat,
512 3577 642 3644 eosdem
665 3573 806 3664 ὃριιιροιίς
829 3581 881 3663 τῆς
903 3573 1019 3652 πόλεως
1042 3578 1227 3664 respexisse
1250 3579 1327 3644 mihi
1351 3579 1480 3665 quidem
1499 3587 1620 3647 eertum
1636 3589 1696 3648 est.

353 3699 459 3765 Verba
481 3697 553 3783 ipsa
574 3718 657 3783 quae
679 3697 765 3764 intra
786 3697 964 3784 adscripsi,
994 3698 1135 3765 nondum
1158 3705 1244 3766 recte
1266 3700 1429 3786 explicata
1451 3705 1571 3786 sunt-⁵).
1618 3703 1700 3768 Era-

351 3820 516 3887 tosthenes
539 3819 758 3886 demonstrare
781 3820 851 3886 vult
872 3819 1068 3904 superfluum
1096 3840 1168 3887 esse
1190 3820 1231 3887 de
1254 3820 1340 3888 orbis
1362 3827 1518 3887 terrarum
1540 3822 1574 3888 in
1596 3823 1700 3889 conti-

351 3948 463 4009 nentes
485 3947 638 4008 aceurata
652 3939 810 4007 divisione
826 3940 929 4008 fusius
945 3939 1129 4026 disputare;
1156 3942 1220 4006 iam
1235 3942 1359 4028 pergit:
1389 3945 1475 4010 ‘oum
1494 3943 1590 4028 enim,
1617 3945 1700 4010 sient

355 4169 559 4180 ψ

440 4322 456 4387 ¹)
478 4319 514 4374 ct.
536 4337 608 4390 quae
628 4320 662 4374 E.
683 4320 767 4376 Kubn
786 4321 805 4374 l.
827 4321 843 4374 l.
865 4337 892 4390 p.
910 4322 958 4372 190
977 4319 1146 4390 disputavit.
1178 4321 1266 4375 Velut
1284 4319 1437 4377 Pausanias
1455 4321 1549 4396 χωρίον
1568 4329 1598 4377 et
1616 4323 1701 4377 Cera·

351 4407 453 4461 mieum
472 4407 642 4477 appellavit,
668 4407 716 4474 qni
741 4413 804 4462 erat
827 4405 910 4478 λῆρος
929 4411 959 4462 et
975 4408 1068 4478 κώμη,
1096 4411 1126 4460 et
1142 4403 1253 4475 Agrea,
1280 4406 1326 4476 qut
1353 4405 1434 4476 δῆμος
1453 4413 1528 4472 erat,
1556 4413 1585 4463 et
1603 4408 1701 4464 hortos

355 4494 485 4564 (κήπους),
506 4493 554 4563 qui
572 4499 703 4547 neutrum
721 4498 811 4548 erant.

438 4579 457 4642 ²5
480 4579 566 4648 Harp.
586 4595 608 4633 s.
632 4595 659 4631 v.
679 4575 858 4650 Εὐρναάκειον,
896 4577 939 4632 ld.
961 4593 983 4632 a.
1004 4596 1030 4634 v.
1052 4573 1214 4636 Κολωνίτιις.

437 4664 458 4730 ³)
479 4665 600 4720 Hermae
618 4663 659 4718 IX
676 4681 705 4734 p.
719 4663 769 4714 tos
782 4679 824 4732 sq.

437 4752 458 4814 ⁴)
477 4749 491 4804 1
508 4767 535 4821 p.
556 4753 604 4802 65:
633 4751 670 4822 μὴ
689 4748 769 4802 ὄντων
787 4750 835 4820 γὰρ
854 4749 965 4820 ἀκριβῶν
985 4749 1052 4821 ὅρων
1070 4749 1189 4823 καθάπερ
1208 4747 1341 4804 Kelenoi
1359 4749 1402 4804 κκί
1420 4747 1543 4820 Μελίτης,
1563 4749 1618 4804 οἷον
1637 4769 1700 4822 cra,-

351 4837 404 4892 λῶν
428 4837 471 4890 καί
494 4835 650 4910 περιβόλων,
676 4841 752 4891 τοῦτο
772 4835 819 4905 μὲν
839 4835 907 4910 ἔχειν
927 4835 1004 4906 κράνει
1021 4835 1105 4906 ἡμᾶς,
1133 4836 1171 4890 to
1188 4837 1258 4890 τουτί
1276 4837 1322 4907 μέν
1342 4837 1393 4890 ἐστι
1412 4833 1559 4900 hol-unde,
1584 4838 1654 4890 τουτί
1672 4837 1700 4892 it

352 4921 461 4992 Μελίτη,
481 4922 541 4982 τοὺς
560 4923 635 4994 ὅρους
656 4923 693 4989 [δὲ
711 4924 779 4978 add.
793 4923 918 4978 secunda
937 4937 1034 4976 manus
1052 4923 1081 4976 ln
1094 4917 1153 4987 AB]
1176 4923 1213 4992 μὴ
1232 4922 1300 4994 ἔχειν
1318 4922 1407 4976 είπεῑν.
1438 4922 1475 4976 διὸ
1493 4923 1538 4976 καί
1556 4923 1699 4994 συμβαίνειν

350 5009 443 5080 κρίσεις
462 5007 600 5072 πολλάκις,
620 5007 736 5078 καθάπερ
752 5005 868 5081 Ἀργείοις
888 5009 934 5078 μὲν
951 5008 996 5060 κοί
1014 5007 1224 5078 Λακεδαιμονίοις
1243 5009 1301 5080 περὶ
1319 5007 1430 5080 Baptae,
1451 5001 1592 5080 Ἀθηναίοις
1611 5011 1639 5064 di
1657 5011 1701 5064 κοί

351 5094 478 5155 Βοιωτοῖς
496 5095 554 5166 πιρί
567 5090 699 5166 Ὠρωποῦ.

437 5182 457 5247 ⁵)
478 5179 516 5238 ci.
535 5180 720 5237 Wachsmnth
737 5198 765 5254 p.
780 5182 826 5232 351
843 5195 885 5253 aq.
905 5185 935 5234 et
952 5195 1024 5253 qnos
1042 5181 1179 5238 exatavit
1196 5181 1375 5255 interpretes.
