4118 6240
454 600 495 662 90
1030 600 1063 654 Ε.
1084 599 1224 654 HILLER

454 808 493 853 ao
520 789 657 872 primum
679 788 810 871 quidem
832 809 873 855 ea
895 788 1075 872 fragmenta
1097 810 1231 872 quorum
1253 796 1475 874 argumentum
1498 789 1541 855 ad
1564 790 1799 875 philosophiam

455 917 487 974 et
516 908 559 974 ad
585 909 791 992 quaestiones
820 911 984 976 naturales
1012 911 1152 995 pertinet
1185 911 1236 993 (fr.
1261 912 1449 997 XI-XX),
1482 911 1600 977 deinde
1629 931 1684 977 eos
1712 912 1800 977 loros

453 1029 570 1112 quibus
593 1029 633 1095 de
656 1030 856 1116 philosophis
878 1031 1047 1097 disseritur
1066 1032 1115 1115 (fr.
1135 1033 1393 1117 XXI—XXVI),
1419 1039 1487 1098 tum
1502 1031 1627 1115 reliqua
1642 1032 1685 1098 ad
1701 1031 1801 1098 histo-

453 1151 533 1216 riam
555 1151 733 1216 litterarum
756 1152 948 1236 pertinentia
975 1152 1022 1235 [fr.
1042 1154 1334 1238 XXVII—XXX),
1360 1161 1519 1238 postremo
1540 1153 1631 1218 varia
1644 1154 1800 1218 nonnulla

459 1270 506 1352 (fr.
525 1272 833 1356 XXXI—XXXV).
879 1273 1016 1357 Singula
1038 1274 1218 1358 fragmenta
1240 1275 1335 1341 eertis
1358 1274 1509 1360 operibus
1531 1274 1719 1358 plerumque
1735 1294 1799 1338 non

453 1391 516 1456 nisi
538 1392 760 1458 incertissimis
780 1393 972 1460 coniecturis
994 1401 1128 1479 possunt
1150 1395 1299 1475 attribui,
1325 1394 1359 1460 id
1380 1402 1487 1461 tamen
1502 1395 1572 1460 veri
1587 1395 1692 1460 simile
1708 1394 1799 1460 vide-

452 1520 514 1596 tur,
540 1513 598 1578 illa
620 1534 746 1597 quoque
768 1535 852 1597 quae
875 1522 1003 1599 praeter
1026 1515 1065 1581 fr.
1085 1517 1161 1581 VIII
1184 1525 1217 1583 et
1238 1518 1286 1582 IX
1309 1517 1350 1583 de
1372 1516 1572 1602 philosophis
1594 1514 1682 1600 apud
1699 1515 1798 1581 Laer-

451 1634 530 1699 tium
559 1634 738 1719 Diogenem
768 1657 808 1701 ex
835 1635 1030 1720 Hieronymo
1058 1638 1239 1703 referuntur
1272 1637 1321 1721 (fr.
1348 1637 1590 1720 XXI—XXVI)
1627 1657 1668 1702 ex
1697 1637 1799 1701 altero

452 1755 533 1821 libro
562 1761 618 1820 τὼν
648 1753 799 1843 σποράδην
827 1752 1046 1843 ὑπομνημάτων
1076 1779 1148 1825 esse
1170 1758 1288 1825 hausta
1314 1759 1452 1844 (Clinton
1475 1761 1496 1824 l.
1522 1760 1580 1842 o).
1628 1759 1798 1823 Praeterea

453 1877 734 1962 hypomnematum
762 1877 854 1943 libris
882 1877 1011 1945 lonsius
1040 1879 1220 1962 assignavit
1249 1880 1365 1965 fragm.
1391 1881 1502 1963 XVII,
1534 1879 1621 1963 quod
1648 1878 1797 1944 Wolffius

453 1996 616 2063 levissimo
638 2005 828 2081 argumento
851 2019 930 2066 usus
951 1999 995 2066 ed
1017 2001 1173 2086 epistulas
1196 2001 1335 2083 rettulit,
1368 2008 1400 2067 et
1422 2002 1462 2066 fr.
1487 2001 1640 2081 XXXIV,
1671 2000 1798 2064 Luenu-

452 2137 548 2183 nerus
577 2118 616 2185 fr.
642 2120 723 2202 XX,
757 2121 898 2186 Ritterus
928 2121 967 2186 fr.
993 2122 1154 2205 XXVIII,
1187 2122 1348 2188 Pideritus
1383 2122 1460 2204 (Cio.
1487 2121 1560 2188 0r.²
1588 2142 1620 2205 p.
1650 2121 1720 2204 172)
1754 2119 1793 2184 fr.

452 2240 564 2321 XXX,
596 2240 684 2324 quod
705 2262 746 2307 ex
769 2242 850 2308 libro
871 2242 979 2326 aliquo
1002 2243 1043 2308 de
1065 2250 1134 2309 arte
1157 2242 1316 2309 rhetorica
1337 2243 1389 2309 vel
1412 2242 1545 2308 metrioa
1566 2241 1702 2326 petitum
1724 2259 1797 2307 esse

452 2360 599 2426 Zellerus
627 2363 669 2447 (p.
694 2366 774 2444 924,
802 2366 831 2446 3)
858 2363 1045 2447 arbitratur,
1078 2364 1408 2447 Solrweighaeuserus
1430 2363 1470 2428 fr.
1495 2363 1642 2442 XXXII;
1676 2361 1793 2444 fragm.

451 2481 577 2546 XXVII
607 2490 714 2549 autem
742 2483 785 2549 ad
816 2484 915 2550 libros
944 2485 986 2551 de
1015 2485 1119 2570 poetis
1147 2485 1272 2551 melicis
1294 2491 1327 2551 et
1349 2483 1508 2550 soaeniois
1530 2483 1690 2570 pertinere
1712 2483 1795 2547 bene

451 2603 619 2687 perspexit
640 2605 757 2671 Harles
784 2605 837 2689 (ad
859 2606 986 2672 Fabrio.
1012 2606 1096 2671 Bibl.
1123 2605 1179 2671 Gr.
1204 2607 1253 2671 III
1276 2627 1310 2692 p.
1336 2608 1424 2690 496).

537 2846 564 2910 I.
590 2846 824 2912 Laetilius
848 2847 973 2913 Φαίδων
991 2843 1126 2930 Ἠλεῖος,
1153 2853 1211 2912 τῶν
1234 2844 1431 2934 εὐπατριδῶν,
1459 2843 1593 2912 συνεάλω
1616 2849 1652 2933 τῇ
1675 2846 1797 2932 πατρίδι

450 2962 501 3029 καὶ
533 2961 712 3053 ἠναγκάσθη
742 2973 848 3054 στῆναι
876 2965 922 3033 ἐπ’
957 2964 1135 3055 οἰκήματος·
1172 2965 1252 3035 ἀλλὰ
1279 2965 1312 3033 τὸ
1343 2964 1445 3055 θύριον
1475 2966 1645 3055 προστιθείς
1676 2969 1796 3054 μετεῖχε

450 3083 642 3174 Σωκράτους,
676 3090 733 3162 ἕως
756 3084 845 3155 αύτόν
868 3088 1079 3177 λυτρώσασθαι
1101 3087 1168 3164 τούς
1191 3089 1259 3177 περὶ
1277 3087 1467 3176 Ἀλκιβιάδην
1490 3085 1509 3175 ἢ
1534 3089 1677 3176 Κρίτωνα
1698 3081 1793 3175 πρού-

449 3215 557 3296 τρεψε·
589 3207 640 3274 καί
661 3206 836 3276 τούντεὺθεν
859 3211 1039 3299 ἐλευθερίως
1062 3207 1248 3300 ἐφιλοσόφει.
1289 3207 1468 3298 Ἱερώνυμος
1498 3207 1527 3275 δ’
1560 3212 1598 3275 ἐν
1628 3214 1677 3298 τῷ
1706 3207 1795 3295 περὶ

449 3330 596 3418 ἐποχῆς
619 3330 847 3418 καθαπτόμενος
870 3336 976 3398 δοῦλον
1000 3329 1089 3398 αὐτὸν
1112 3331 1225 3420 εἴρηκε.

536 3452 587 3519 cf.
613 3453 737 3520 Preller
763 3477 896 3538 ιιαεμαιυ.
922 3456 1021 3540 Ausa.
1047 3476 1079 3540 p.
1106 3457 1178 3518 364.
1206 3457 1268 3518 367
1286 3472 1336 3536 sq.
1383 3453 1491 3519 Zeiler
1519 3453 1569 3517 die
1591 3453 1714 3517 Pluilor.
1739 3453 1796 3516 der

454 3573 610 3637 Graecum
631 3575 663 3639 Π
689 3579 721 3638 1³
748 3596 782 3660 p.
809 3578 883 3639 236.

537 3817 581 3881 II.
607 3817 682 3884 Ath.
708 3819 756 3883 XI
779 3840 811 3904 p.
830 3821 892 3883 499
916 3819 943 3882 F
964 3813 997 3882 τὸ
1021 3816 1055 3882 δέ
1078 3811 1189 3903 σκύφος
1212 3810 1377 3902 ὠνομάσθη
1403 3811 1460 3881 άπὸ
1483 3818 1536 3902 τῆς
1559 3816 1705 3902 σκαφίδος
1728 3817 1791 3878 κτλ.

413 3945 414 3948 ’
451 3937 478 4000 εί
508 3933 547 4022 μή
579 3937 691 4026 σκύφος
721 3937 784 4004 οἷον
816 3934 925 4013 σκύθος
954 3964 1016 4020 τις,
1049 3933 1100 4003 διά
1125 3934 1158 4002 τό
1181 3932 1248 4011 τούς
1271 3935 1392 4010 Σκύθας
1413 3937 1581 4024 περαιτέρω
1602 3939 1655 4002 τοῦ
1678 3937 1794 4009 δέοντος

451 4054 672 4141 μεθύσκεσθαι·
706 4057 884 4148 Ἱερώνυμος
908 4059 942 4126 δὲ
965 4056 1122 4132 όῬόδιυς
1144 4061 1182 4124 ἐν
1205 4062 1255 4146 τῷ
1277 4056 1364 4144 περὶ
1388 4060 1512 4144 μέθης
1535 4056 1587 4123 καί
1608 4054 1641 4123 τὸ
1665 4054 1795 4144 μεθύσαι

451 4180 593 4246 σκυθίσαι
619 4182 671 4264 [an
693 4183 837 4270 λέγεσθαι
858 4182 1043 4250 addendum
1052 4184 1076 4265 V)
1104 4180 1197 4268 φησί·
1224 4179 1362 4266 συγγενὲς
1384 4175 1442 4267 γάρ
1466 4178 1544 4245 εἶναι
1565 4185 1608 4267 τῷ
1630 4204 1652 4266 φ
1675 4175 1708 4244 τὸ
1731 4181 1762 4244 θ.

536 4301 585 4368 Of.
611 4303 792 4371 Herodotus
814 4307 858 4371 VI
881 4309 921 4370 84
947 4302 1122 4389 Κλεομένεα
1145 4301 1178 4366 δὲ
1201 4301 1321 4388 λέγουσι
1343 4296 1476 4386 ἡκόντων
1499 4305 1558 4365 τῶν
1581 4301 1723 4366 Σκυθέων
1745 4301 1794 4366 ἐπί

449 4429 543 4489 ταῦτα
565 4420 697 4511 ὁμιλέειν
721 4451 774 4514 σφι
797 4423 938 4512 μεζόνως,
965 4422 1124 4512 ὁμιλέοντα
1148 4422 1181 4487 δέ
1204 4424 1317 4508 μᾶλλον
1339 4429 1391 4488 τοῦ
1416 4423 1586 4508 ἱκνεομένου
1610 4423 1718 4507 μαθεῖν
1741 4418 1794 4508 τήν

450 4540 668 4633 ἀκρητοποσίην
697 4544 771 4634 παρ’
799 4544 917 4613 αὐτῶν·
949 4549 984 4611 έκ
1006 4543 1111 4612 τούτου
1139 4544 1172 4610 δὲ
1196 4543 1325 4630 μανῆναί
1348 4570 1396 4629 μιν
1419 4543 1574 4630 νομίζουσι
1596 4543 1792 4630 Σπαρτιῆται.

449 4663 484 4729 ἔκ
505 4692 537 4731 τε
559 4665 664 4751 τόσου,
692 4665 732 4744 ὡς
756 4665 840 4735 αότυί
862 4669 999 4753 λέγουσι,
1027 4663 1118 4733 ἐπεὰν
1142 4661 1305 4754 ζωρότερον
1329 4661 1497 4753 βούλωνται
1518 4660 1614 4747 πιεῖν,
1651 4661 1793 4731 ιἐπισκύ-

451 4789 551 4854 θισυν’
582 4791 713 4877 λέγουσι.
761 4789 835 4856 Ath.
862 4790 894 4855 X
916 4811 949 4875 p.
975 4793 1036 4853 427
1062 4790 1088 4853 Β
1110 4784 1161 4853 καὶ
1184 4783 1419 4874 Λακεδαιμόνιοι
1440 4785 1484 4871 δ’,
1517 4779 1557 4861 ὥς
1580 4782 1794 4874 φησινἭρό-

450 4911 535 4984 δοτυς
564 4912 595 4976 έν
625 4918 660 4998 τη
691 4913 781 4998 ἕκτη,
817 4909 974 4996 Κλεομένη
998 4906 1048 4975 τὸν
1071 4911 1199 4997 βασιλέα
1221 4905 1355 4983 Σκύθαις
1377 4905 1562 4995 ὁμιλήσαντα
1584 4906 1636 4972 καί
1659 4905 1794 4995 ἀκρατο-

448 5027 542 5118 πότην
571 5028 731 5118 γενόμενον
761 5033 796 5097 ἐκ
825 5038 877 5119 τῆς
908 5032 1003 5118 μέθης
1034 5030 1109 5119 φασί
1139 5037 1281 5118 μανῆναι.
1329 5028 1379 5095 καί
1410 5025 1494 5096 αύτοὶ
1524 5025 1553 5096 δ’
1587 5031 1615 5096 ολ
1638 5026 1790 5113 Λάκωνες,
