4118 6240
479 627 538 690 ιον
778 692 781 703 Ι
862 671 864 675 ,
1050 625 1083 679 n.
1103 625 1243 679 smnus

470 805 695 904 ψαντοςάέτοῦ
717 809 869 884 καὶᾶλλο
899 811 1054 902 ποιήματα
1077 811 1131 900 τήν
1157 840 1190 879 τε
1217 820 1270 879 τοῦ
1293 815 1406 902 Ξέρξου
1430 810 1570 902 διάβασιν
1593 813 1644 880 καί
1666 815 1820 901 προοίμιον

470 939 513 1012 εἰς
531 933 720 1020 Ἀπόλλωνα,
746 935 833 1004 ταῦθ’
861 932 984 1025 ὕστερον
1006 938 1188 1002 κατέκαυοεν
1206 932 1324 1023 ἀδελφή
1346 962 1390 1009 τις
1413 932 1523 1020 αὐτοῦ,
1549 931 1568 1022 ἢ
1593 932 1744 1023 δυγάτγρ,
1777 931 1819 1011 ὥς

470 1084 561 1146 φησιν
579 1055 778 1147 Ἱερώνυμος,
804 1056 837 1126 τὸ
861 1059 913 1146 μέν
936 1059 1092 1146 προοίμιον
1116 1050 1248 1139 ἄκουσα,
1280 1052 1374 1123 τὰδὲ
1398 1055 1533 1144 Περσικὰ
1557 1059 1746 1144 βουληθεῖσα
1768 1054 1818 1123 διὰ

468 1177 502 1246 τὸ
525 1177 689 1247 ἀτελείωτα
711 1179 801 1247 εἶναι.

556 1302 771 1386 Hieronymus
799 1302 898 1386 igitur
926 1301 1139 1366 narrationem
1162 1299 1397 1366 Aristotelicum
1428 1299 1474 1365 ita
1495 1301 1705 1385 exscripsisse
1729 1300 1820 1367 vidc-

470 1428 537 1507 tur,
571 1430 605 1489 ut
627 1444 691 1489 non
713 1443 854 1490 sororem
884 1423 942 1489 sed
965 1422 1065 1487 filiam
1087 1420 1292 1507 Empedoclis
1320 1421 1463 1487 carmina
1484 1421 1543 1486 illa
1565 1421 1694 1505 ignibus
1717 1421 1818 1488 tradi-

469 1544 557 1611 disse
579 1545 729 1627 referret,
763 1544 831 1611 sive
854 1565 912 1629 per
932 1543 1170 1627 neglegentiam
1198 1539 1232 1608 in
1255 1541 1466 1608 describendo
1496 1541 1714 1626 commissam,
1748 1543 1816 1610 sive

468 1666 629 1748 consulto,
656 1671 692 1732 at
712 1663 836 1750 aliquid
857 1664 932 1731 novi
953 1665 995 1730 ab
1016 1663 1089 1748 ipso
1111 1663 1275 1730 videretur
1295 1663 1453 1749 prolatum
1470 1681 1555 1729 esse.
1594 1662 1644 1729 ef.
1663 1664 1815 1750 Karsten,

468 1787 605 1873 Emped.
629 1786 721 1870 reliq.
747 1808 780 1872 p.
807 1790 859 1867 63,
888 1788 960 1851 184.

554 2029 658 2094 XXV.
698 2029 808 2113 Pergit
836 2030 942 2095 Laert.
968 2029 1045 2095 Vlll
1068 2031 1109 2091 58
1143 2028 1196 2112 (cf.
1224 2028 1373 2113 ‘Bemays
1403 2025 1454 2090 die
1483 2027 1573 2092 Ds'al.
1599 2030 1653 2091 dea
1676 2029 1813 2095 Am‘stot.

467 2171 500 2234 p.
530 2152 599 2232 139)
625 2146 761 2217 καθόλου
784 2153 818 2216 δέ
840 2175 916 2238 φησι
937 2147 988 2214 καί
1009 2149 1179 2236 τραγῳδίας
1201 2144 1290 2214 αὐτὸν
1319 2144 1435 2235 γροίψαι
1456 2148 1508 2213 καί
1529 2145 1679 2215 πολιτικά.
1719 2147 1817 2236 Ἡρα-

467 2270 588 2356 κλείδης
611 2269 639 2336 δ’
667 2267 683 2338 δ
706 2275 758 2337 τοῦ
781 2272 977 2359 Σαραπίωνος
999 2272 1103 2358 ἑτέρου
1126 2269 1216 2357 φησίν
1239 2267 1318 2334 εἶναι
1338 2264 1391 2341 τὰς
1412 2270 1594 2356 τραγῳδίας.
1633 2266 1816 2358 Ἱερώνυμος

468 2391 502 2456 δὲ
523 2390 601 2478 τρισί
623 2392 674 2458 καὶ
696 2388 912 2481 τετταράκοντά
934 2417 1025 2480 φησιν
1039 2391 1278 2477 ἐντετυχηκέναι,
1304 2385 1445 2476 Νεάνθης
1468 2389 1502 2455 δὲ
1520 2391 1587 2456 νέον
1609 2383 1681 2487 ὄντα
1700 2417 1814 2479 γεγρα-

467 2513 558 2599 φέναι
579 2511 631 2587 τὰς
653 2514 833 2603 τραγῳδίας,
860 2512 912 2592 καί
935 2509 1024 2588 αὐτὸς
1046 2513 1150 2579 ἔπειτα
1173 2509 1277 2586 αὐταῖς
1300 2513 1541 2598 ἐντετυχηκέναι.

554 2634 741 2720 Hieronymi
769 2644 803 2702 et
823 2636 983 2702 Neantlris
1011 2634 1202 2702 testimoniis
1224 2653 1287 2699 non
1309 2633 1413 2699 tribuo
1435 2640 1556 2699 tantam
1579 2617 1810 2717 auctoritatem,

467 2760 502 2820 ut
523 2755 737 2840 quadraginta
758 2762 824 2824 trcs
846 2756 1031 2841 tragoedias
1047 2755 1281 2841 Empedocleas
1296 2755 1337 2820 ab
1352 2754 1419 2820 illis
1434 2755 1565 2837 quidem
1580 2755 1681 2820 lectas
1696 2755 1809 2837 fuisse,

466 2882 608 2941 cetemm
624 2897 700 2943 vero
716 2877 917 2944 densissimis
931 2877 964 2943 in
978 2876 1120 2943 tenebris
1134 2876 1274 2943 iacuisse
1289 2875 1429 2942 credam.
1469 2876 1553 2940 Nam
1576 2896 1617 2941 ex
1632 2876 1814 2942 testimonio

467 2995 589 3081 dialogi
610 2997 651 3063 de
668 2999 777 3083 ‘poetis
805 2999 936 3064 minime
965 2997 1074 3081 colligi
1101 3002 1222 3082 potest,
1254 2996 1455 3083 exemplaria
1476 2997 1714 3082 tragoediamm
1737 2997 1814 3062 Em-

466 3116 610 3201 pedoclis
632 3119 760 3185 nominc
783 3120 1008 3206 inscriptorum
1030 3117 1259 3203 posterioribus
1274 3117 1472 3203 temporibus
1487 3139 1522 3184 re
1537 3139 1614 3185 vera
1628 3118 1808 3200 exstitisse;

466 3237 548 3303 nihil
570 3245 733 3306 narratum
755 3239 800 3305 ibi
822 3240 925 3306 fuisse
948 3240 1086 3324 legimus
1107 3239 1171 3304 nisi
1192 3239 1389 3323 tragoedias,
1418 3258 1554 3321 quarum
1577 3259 1728 3306 numems
1750 3262 1813 3308 non

466 3357 618 3442 traditur,
650 3361 693 3426 ab
716 3360 911 3445 Empedocle
940 3359 1131 3446 philosopho
1160 3359 1335 3442 aliquando
1361 3360 1497 3445 scriptas
1520 3378 1604 3426 esse.
1651 3362 1694 3427 At
1715 3363 1814 3447 pleri-

465 3499 527 3562 que
550 3479 646 3546 hodie
667 3481 709 3546 iis
731 3481 965 3563 assentiuntur,
1000 3480 1054 3562 qui
1083 3479 1165 3546 duos
1194 3480 1295 3547 fuisse
1325 3480 1470 3547 eiusdem
1500 3481 1639 3547 nominis
1667 3482 1813 3549 homines
1924 3508 1926 3511 ·

466 3604 657 3685 statuemnt,
682 3601 908 3686 philosophum
924 3608 956 3667 et
970 3600 1139 3684 tragicum.
1180 3600 1228 3666 Ha
1250 3599 1311 3668 fuit
1329 3603 1489 3669 sententia
1504 3602 1686 3668 Heraclidis
1701 3603 1813 3669 Lembi
1920 3605 1923 3608 ’

466 3740 506 3786 ac
535 3719 671 3788 fortasse
699 3722 765 3788 iam
787 3729 885 3789 antea
906 3722 1014 3807 Satyri
1036 3723 1088 3788 vel
1111 3721 1250 3788 Sodomis
1286 3722 1337 3804 (ef.
1362 3723 1500 3788 Mueller
1521 3722 1637 3807 fragm.
1662 3722 1738 3790 hist.
1762 3724 1812 3790 lll

466 3861 499 3925 p.
530 3845 589 3906 169
611 3845 693 3926 sq.);
737 3843 938 3912 accuratiora
970 3842 1109 3928 legimus
1142 3842 1231 3928 apud
1264 3842 1415 3908 Suidam:
1451 3840 1678 3930 Ἐμπεδοκλῆς,
1716 3847 1812 3931 θυγα-

465 3963 585 4048 τριδοῦς
606 3968 659 4028 τοῦ
680 3965 843 4052 προτέρου,
869 3959 1025 4053 τραγικός·
1050 3965 1220 4051 τραγῳδίαι
1241 3959 1334 4031 αὐτοῦ
1356 3959 1419 4047 κδ’,
1445 3964 1501 4030 ubi
1522 3985 1673 4032 numerus
1695 3965 1812 4033 adeas

465 4082 602 4151 fortasse
623 4084 808 4168 tragoedias
830 4070 1018 4151 referendus
1040 4091 1091 4151 est
1112 4105 1193 4170 quas
1214 4085 1380 4151 Neanthes
1402 4107 1423 4151 a
1445 4105 1480 4152 se
1502 4086 1604 4154 lectas
1626 4106 1701 4154 esse
1722 4085 1813 4152 afdr-

466 4203 584 4270 mavit:
619 4224 813 4289 quamquam
852 4205 950 4271 etiarn
984 4206 1060 4272 licet
1097 4226 1265 4272 numerum
1299 4206 1507 4291 depravatum
1541 4207 1659 4274 habere
1697 4208 1809 4294 (Stein,

466 4323 603 4410 Emped.
634 4325 751 4408 fragm.
783 4347 815 4412 p.
842 4329 888 4411 6).
941 4327 1151 4393 Notissimum
1182 4334 1247 4408 est,
1281 4347 1377 4410 quam
1408 4328 1526 4393 usitata
1554 4327 1642 4415 apud
1671 4328 1813 4396 Graecos

466 4445 562 4511 fuerit
583 4446 666 4512 ratio
685 4447 760 4530 illa,
793 4468 858 4531 qua
886 4446 929 4512 ad
951 4447 1178 4514 removendam
1207 4448 1349 4530 aliquam
1380 4447 1603 4515 difficultatem
1629 4451 1814 4518 statuebant

463 4565 550 4632 idern
572 4587 689 4634 nomen
711 4567 836 4634 duobus
858 4568 1040 4654 hominibus
1063 4568 1175 4635 fuisse.
1229 4570 1343 4652 ltaque
1364 4569 1417 4635 vel
1440 4576 1610 4655 propterca
1631 4569 1813 4637 Heraclidis

464 4692 497 4752 et
518 4687 640 4755 Suidae
663 4688 731 4754 sive
761 4688 870 4773 potius
892 4690 1047 4774 Hesychii
1069 4689 1189 4756 Milesii
1219 4688 1379 4756 sententia
1402 4690 1580 4775 suspiciosa
1602 4697 1687 4758 certe
1708 4691 1812 4758 videri

465 4807 580 4874 debet:
605 4807 800 4875 reiciendam
823 4831 895 4876 eam
917 4830 989 4876 esse
1011 4811 1146 4878 arbitror
1167 4817 1297 4898 propter
1317 4810 1533 4877 testimonium
1557 4830 1597 4876 ex
1620 4811 1749 4897 dialogo
1771 4813 1812 4880 de

464 4928 568 5013 poetis
596 4930 743 4996 allatum.
796 4931 834 4996 In
856 4951 895 4997 eo
922 4932 1104 4999 testimonio
1134 4953 1195 5016 ego
1224 4932 1305 4998 nibil
1333 4932 1461 4998 omnino
1482 4930 1551 4996 veri
1578 4931 1686 5000 inesse
1714 4941 1807 5020 puto3

466 5049 593 5116 ridetur
619 5051 654 5116 in
682 5051 740 5117 illo
769 5051 849 5117 libro
878 5051 976 5118 etiam
1006 5050 1162 5120 fabulosis
1192 5054 1288 5121 rebus
1317 5053 1406 5148 locus
1436 5071 1607 5119 concessus
1629 5053 1731 5121 fuisse
1758 5055 1808 5140 (cf.
