4118 6240
678 623 939 681 ulseuunhunh
959 620 1220 680 EPIGRAPHICA
1446 689 1448 692 Α
1561 628 1617 689 121

379 842 415 880 ou
438 814 585 880 hlavueloo
611 818 617 895 Ι
640 810 806 901 Ἀντιῖόχου
833 815 1006 880 Δυνατείου.
1053 815 1153 882 Vides
1182 814 1314 881 duorum
1341 815 1503 881 nominum
1526 835 1628 898 gene-

278 937 362 1002 tivus
384 937 417 1002 in
440 938 550 1001 ΑΟΣ
577 935 771 1016 desinentes,
798 957 880 1019 quae
902 935 1031 1002 nomina
1054 957 1116 1002 non
1139 944 1275 1021 possunt
1297 935 1396 1002 fuisse
1419 935 1481 1002 uisi
1504 936 1626 1021 primae

278 1057 517 1138 declinationis3
542 1058 679 1123 alterum
701 1057 734 1121 in
757 1094 797 1104 -
824 1058 888 1139 (ας,
921 1057 1058 1122 alterum
1079 1057 1112 1122 in
1135 1096 1178 1105 -
1200 1060 1291 1130 κλέας
1320 1078 1408 1124 more
1437 1057 1626 1124 Thessalico

278 1179 362 1245 finiri
378 1178 513 1246 videtur.
555 1178 621 1244 Sed
642 1178 746 1244 eidem
763 1178 920 1244 Pharsalii
943 1174 1108 1263 Ripaltha
1130 1178 1280 1244 dicebant
1301 1178 1335 1243 in
1354 1178 1514 1261 genetivo,
1541 1185 1624 1247 teste

278 1302 371 1367 titulo
397 1321 444 1365 nr.
471 1303 533 1364 200
556 1300 598 1365 H.
644 1299 757 1382 ltaque
788 1299 953 1382 antiquum
977 1337 1017 1346 -
1042 1325 1095 1384 αο,
1129 1300 1213 1384 quod
1241 1301 1473 1366 conservabant
1501 1300 1621 1382 Boeoti,

280 1421 429 1488 Thessali
452 1422 546 1487 modo
570 1420 801 1487 contrahebant
822 1421 905 1485 sicut
923 1420 1049 1501 Lesbii,
1075 1420 1168 1486 modo
1191 1420 1318 1487 adicem
1337 1423 1366 1484 Σ
1394 1421 1503 1487 littera
1525 1441 1627 1505 auge-

280 1544 366 1608 bant.
415 1543 523 1628 Ipsum
547 1580 588 1589 -
612 1567 648 1606 αο
672 1547 799 1607 exstare
822 1540 948 1607 videtur
977 1541 1010 1606 in
1026 1537 1142 1628 Ἑρμᾰο
1165 1542 1291 1629 χθονίου
1320 1542 1488 1625 (Cranaen.
1514 1543 1626 1609 Leake

278 1685 325 1728 nr.
357 1664 447 1746 150);
475 1663 533 1729 sed
555 1671 641 1729 recte
664 1661 852 1746 Ussingius,
886 1661 997 1744 cred0‚
1026 1657 1167 1749 Ἓρμάου
1189 1663 1257 1749 pu,
1291 1662 1375 1746 quod
1397 1663 1469 1748 ipse
1491 1664 1571 1748 legit
1592 1665 1626 1730 iu

278 1784 402 1850 duobus
433 1784 628 1865 Larissaeh,
659 1784 725 1849 illic
755 1803 880 1866 quoque
908 1783 1139 1849 restituendum
1169 1783 1307 1863 censuit,
1342 1783 1394 1849 cui
1416 1783 1462 1850 rei
1485 1785 1625 1870 spatium

277 1905 361 1970 tituli
395 1905 524 1970 utinime
561 1904 760 1970 adversatur.
823 1898 964 1990 ‘lippulos
999 1903 1128 1969 dativus
1161 1910 1210 1970 est
1243 1905 1284 1970 ab
1311 1900 1449 1992 Ἕρμάος
1476 1901 1626 1994 Ἑρμαῖος

282 2022 413 2113 (Eppia
429 2025 450 2090 i.
469 2046 497 2092 e.
511 2022 659 2113 Ἓρμάων
682 2025 816 2090 formam
839 2025 902 2091 scis
926 2045 998 2091 esse
1019 2024 1054 2090 iu
1069 2024 1269 2092 Andaniensi
1291 2046 1395 2111 neque
1416 2027 1449 2092 in
1473 2046 1511 2093 eo
1529 2028 1622 2109 seloh

278 2147 494 2232 legituralibi
517 2146 692 2214 consimilis
714 2145 853 2212 formula
876 2149 957 2220 θεοῖς
979 2148 1210 2235 καταχθονίοις,
1236 2167 1342 2230 neque
1364 2147 1514 2230 genetivo
1536 2148 1625 2215 locus

277 2288 349 2334 esse
365 2269 502 2336 videtur.
542 2270 660 2335 Contra
682 2288 720 2333 eo
736 2287 813 2333 casu
830 2267 944 2333 mortui
961 2288 1074 2334 numen
1091 2267 1250 2333 interdum
1266 2267 1411 2353 ponitur:
1437 2289 1486 2333 nr.
1505 2272 1567 2334 210
1581 2272 1620 2335 H.

224 2420 227 2424 “
274 2385 475 2477 Ἀλεξάνδρου,
502 2379 1314 2476 208ΑΦΘΟΝΕΤΩΙΜΑΝΗΕΩ,Ἀφῦονείτω
1331 2387 1501 2477 Μανιχείω.
1542 2391 1625 2456 Eum

278 2511 403 2576 titulum
426 2516 511 2577 circa
531 2509 624 2576 initia
645 2511 702 2575 IV.
721 2509 843 2576 saeculi
866 2516 1032 2575 exaratum
1056 2528 1128 2575 esse
1150 2529 1191 2575 ex
1213 2509 1391 2595 scripturae
1412 2510 1536 2577 ratione
1557 2512 1625 2578 ccl-

278 2632 411 2716 legeris:
444 2652 505 2716 quo
528 2639 672 2717 tempore
694 2630 915 2697 Thessalicum
944 2655 980 2694 ου
1002 2628 1141 2695 nondum
1164 2631 1272 2696 omnia
1294 2639 1452 2717 occupata
1473 2631 1625 2700 hahuisse

278 2753 421 2819 videmus
434 2758 467 2839 ¹).
508 2754 663 2819 Inventus
683 2759 790 2818 autem
814 2759 864 2819 est
885 2751 932 2818 eis
954 2750 1045 2834 locis,
1072 2750 1187 2834 quihus
1210 2751 1285 2818 olim
1308 2751 1500 2819 Thetideum
1524 2753 1625 2820 Phar-

277 2874 429 2940 saliorum
451 2873 521 2940 fuit.

364 2997 475 3079 Longe
497 2994 715 3080 amplissimus
738 2993 850 3060 titulus
871 2994 955 3059 inter
969 2994 1182 3079 Heuzeyanos
1198 2991 1385 3061 Pharsalius
1408 3001 1459 3062 est
1480 3017 1527 3061 nr.
1548 2998 1621 3073 noll,
1647 2995 1664 3079 ξ
1688 2998 1706 3060 3

277 3116 368 3182 cuius
384 3120 482 3182 maior
497 3135 573 3201 pars
589 3135 676 3181 mera
691 3114 820 3180 nomina
835 3114 975 3180 continet
990 3135 1110 3199 eorum,
1129 3114 1163 3180 in
1175 3135 1254 3199 quos
1265 3115 1317 3181 ius
1329 3115 1469 3182 civitatis
1481 3116 1626 3183 confere-

277 3239 378 3304 batur.
420 3239 457 3302 ln
480 3237 526 3303 eis
549 3236 729 3302 nominibus
751 3235 939 3322 saepissime
962 3255 1023 3302 usu
1038 3235 1127 3301 venit
1140 3236 1275 3320 vulgare
1295 3235 1386 3318 illud,
1413 3245 1448 3303 nt
1468 3240 1497 3301 Σ
1520 3218 1626 3305 littera

275 3360 464 3443 insequente
487 3357 673 3425 consonanti
689 3356 884 3442 duplicetur:
913 3351 1103 3439 Κολόσστας,
1118 3352 1373 3438 Ἀσσκλαπιάδας,
1396 3354 1621 3444 Ἀσστομείδεις,

276 3488 435 3566 postremo
457 3481 554 3546 etiam
579 3472 972 3565 EtiapeaeKhaohohao;;
1007 3498 1111 3560 neque
1133 3484 1240 3543 mmen
1262 3485 1348 3544 certa
1369 3478 1451 3546 ratio
1473 3480 1621 3564 cernitur,

276 3623 348 3667 oum
370 3601 435 3667 alio
457 3621 552 3668 versu
576 3599 599 3664 Γ
600 3595 807 3687 ασστροόνειος
830 3599 888 3685 sit,
915 3598 937 3663 Γ
939 3594 1127 3685 αοτροὸνειος
1149 3599 1304 3684 proximo.
1350 3600 1430 3665 Eam
1454 3608 1625 3668 eonsuetu-

277 3723 384 3789 dinem
408 3729 534 3807 praeter
556 3721 704 3787 Aeolicus
727 3721 924 3804 Doricosque
946 3740 987 3786 ne
1009 3720 1052 3786 ab
1074 3718 1190 3785 Atticis
1211 3719 1339 3804 quidem
1362 3720 1462 3788 titulis
1484 3723 1624 3789 alienam

276 3844 325 3909 vir
354 3843 552 3909 clarissimus
583 3841 766 3908 Boeckhius
797 3841 839 3908 ad
868 3841 1029 3907 diversam
1060 3840 1296 3926 pronuntiandi,
1317 3842 1472 3910 rationem
1502 3844 1625 3910 rettulit

281 3965 331 4047 (ad
354 3966 391 4031 O.
417 3966 442 4029 l.
470 3965 525 4030 Gr.
544 3984 591 4028 nr.
612 3966 684 4047 leh:
709 3983 826 4049 nempe
848 3970 883 4028 ut
904 3961 1104 4047 pinguiorem
1127 3982 1239 4028 sonum
1262 3963 1413 4029 elementi
1434 3991 1462 4046 0,
1488 3965 1624 4031 similem

277 4086 347 4152 eius
369 4106 463 4169 quem
487 4104 545 4150 nos
575 4084 607 4148 in
635 4084 809 4150 vernacula
831 4083 942 4167 lingua
964 4082 1079 4149 litteris
1112 4082 1167 4147 sch
1197 4083 1426 4167 significamus,
1458 4085 1624 4152 scribendo

170 4189 174 4197 ’
276 4206 509 4290 exprimerent,
546 4205 590 4270 ad
623 4202 849 4288 duplicandum
885 4230 901 4267 0
934 4204 1031 4286 vulgo
1065 4204 1259 4288 confugisse.
1317 4205 1407 4283 Quae
1440 4206 1624 4273 coniectura

275 4328 357 4393 adeo
385 4327 554 4391 multorum
584 4326 724 4391 adsensu
755 4323 961 4409 comprobata
988 4332 1051 4408 est,
1084 4333 1119 4391 ut
1141 4325 1314 4392 verendum
1346 4326 1388 4393 sit
1410 4348 1450 4394 ne
1472 4327 1624 4395 audacior
1681 4407 1687 4418 ι

274 4438 404 4528 videar,
437 4447 491 4530 qui
517 4468 587 4512 eam
617 4444 755 4511 audeam
784 4444 964 4529 inpugnare
974 4448 1012 4530 ²).
1060 4444 1125 4512 Sed
1153 4445 1289 4531 primum
1312 4447 1407 4512 velim
1437 4448 1515 4514 mihi
1537 4447 1624 4516 dicat

284 4626 484 4633 „³„—-—.

363 4727 379 4787 ¹)
402 4723 446 4779 Cf.
467 4721 599 4795 Kreprchea
618 4723 637 4777 i.
658 4738 683 4777 o.
704 4719 833 4792 Κιεριήων
852 4718 975 4794 Rapitur
998 4724 1023 4785 (a
1041 4721 1167 4794 Κιεριεὺς)
1189 4724 1218 4778 in
1236 4725 1355 4779 nummis
1377 4724 1496 4788 (Ahrens
1515 4725 1537 4790 Ι,
1555 4728 1619 4792 220;

275 4813 365 4867 Sallct
384 4811 485 4864 Ztschr.
500 4814 529 4882 s.
552 4809 685 4864 Nomium.
706 4807 770 4871 Vll,
794 4809 845 4871 12).

361 4899 380 4962 2]
402 4897 583 4952 contradixit
602 4913 673 4950 unus
692 4895 767 4965 quod
787 4895 873 4948 sciam
892 4895 924 4948 E.
940 4895 1097 4950 Bcormann
1119 4896 1163 4959 lde
1176 4895 1243 4951 dial.
1258 4896 1357 4951 Boeot.
1374 4915 1400 4968 p.
1417 4900 1470 4962 50),
1491 4899 1539 4967 qui
1558 4915 1623 4953 acu-

274 4986 374 5039 tiorem
392 4999 490 5038 sonum
510 5001 524 5034 σ
543 4983 674 5037 elementi
694 4998 728 5037 ea
746 4982 887 5050 scriptura
906 4981 1049 5050 designari
1067 4988 1165 5053 putat,
1192 4984 1303 5052 qualern
1328 4999 1391 5038 esse
1409 4985 1551 5039 voluerint
1569 4986 1626 5040 Ro-

278 5072 352 5126 mani
371 5071 528 5126 scribentes
546 5088 577 5123 aa
595 5084 646 5139 pro
663 5085 690 5132 a,
710 5085 806 5122 accusa
823 5082 875 5137 pro
893 5085 983 5122 cauae.
