4206 6248
488 1822 560 1919 llll
593 1822 643 1920 A.
676 1820 857 1919 PERSll
889 1819 1084 1919 strom
1115 1821 1318 1919 Parum

833 2047 971 2090 scnlrsln

677 2187 907 2257 subustus
935 2188 1131 2258 culmus

321 2523 588 2606 Quotiescumque
618 2521 697 2586 mibi
720 2519 868 2604 contigit,
901 2528 936 2587 ut
957 2521 1072 2587 Italiae
1095 2521 1269 2607 superioris
1291 2522 1383 2606 litus,
1415 2522 1500 2606 quod
1522 2522 1577 2586 Li-

235 2645 358 2726 gustico
381 2643 452 2708 sinu
474 2642 616 2721 alluitur,
641 2642 877 2727 perlustrarem,
904 2662 967 2706 non
989 2642 1078 2726 potui
1101 2642 1180 2707 satis
1194 2644 1314 2726 mirari,
1340 2664 1411 2708 cum
1428 2643 1511 2708 banc
1526 2664 1577 2708 re-

236 2765 363 2846 gionem
386 2764 427 2828 ab
448 2763 500 2843 iis,
527 2763 591 2845 qui
605 2762 768 2845 antiquam
791 2762 906 2827 Italiae
930 2761 1095 2828 historiam
1116 2769 1349 2846 tractaverunt,
1375 2765 1471 2830 nimis
1497 2784 1578 2847 neg-

237 2885 352 2951 lectam
386 2903 458 2949 esse
492 2882 652 2948 videbam.
699 2882 784 2947 Nam
817 2882 996 2948 amoenitas
1029 2883 1159 2966 quidem
1189 2883 1290 2950 litoris
1319 2885 1485 2952 notissima
1515 2893 1574 2967 est,

238 3006 282 3071 ita
304 3013 339 3071 ut
360 3004 489 3071 honoris
512 3023 612 3069 causa
633 3003 719 3089 Ripa
733 3003 840 3069 vocari
856 3003 968 3086 soleat,
994 3010 1157 3088 tamquam
1173 3005 1386 3090 paeninsulae
1403 3007 1497 3071 litora
1511 3026 1579 3071 om-

237 3127 291 3192 uia
319 3126 558 3213 pulchritudine
580 3124 790 3191 antecedens:
824 3145 928 3207 neque
951 3125 1053 3189 ullum
1076 3125 1225 3209 equidem
1248 3126 1322 3191 novi
1343 3133 1498 3192 terrarum
1521 3147 1581 3192 au-

238 3248 365 3330 gulum,
398 3247 453 3331 qui
476 3247 516 3312 ab
539 3246 680 3330 antiquis
703 3245 908 3330 scriptoribus
931 3251 1097 3330 tantopere
1121 3246 1322 3311 collaudatus
1344 3252 1377 3312 ct
1399 3248 1580 3313 celebratus

239 3368 281 3433 sit
309 3375 405 3450 atque
435 3368 524 3432 sinus
546 3367 602 3432 ille
624 3366 822 3448 maritimus,
857 3365 912 3448 qui
934 3365 1031 3432 bodie
1054 3366 1171 3452 Spezia
1193 3367 1386 3453 appellatur.
1433 3368 1583 3433 cantavit

238 3511 311 3554 eum
334 3496 426 3574 pater
448 3489 580 3568 Ennius,
606 3487 807 3572 gravissimis
828 3486 936 3552 verbis
959 3487 1047 3553 cives
1070 3487 1249 3569 cohortans,
1275 3495 1310 3552 ut
1332 3488 1435 3553 Lunai
1456 3496 1581 3574 portum

239 3618 448 3694 cognoscant3
476 3609 612 3675 eundem
636 3608 753 3673 seimus
776 3615 809 3674 et
830 3628 851 3673 a
873 3584 982 3674 Persio
1005 3614 1038 3674 et
1058 3629 1079 3673 a
1102 3608 1197 3674 Gallo
1220 3608 1323 3693 poetis
1346 3609 1580 3692 frequentatum

239 3751 321 3812 esse,
348 3739 383 3798 ut
403 3731 514 3816 tepida
530 3731 644 3796 bmma
658 3729 726 3795 illic
742 3735 838 3813 atque
853 3729 1039 3794 beatissimo
1054 3729 1117 3795 otio
1133 3728 1323 3794 fruerentur.
1365 3729 1583 3795 Celebemima

239 3859 346 3917 autem
369 3853 508 3917 locorum
531 3851 728 3931 amoenitas,
762 3870 827 3932 qua
855 3848 952 3914 etiam
975 3869 1059 3915 nune
1081 3857 1114 3915 et
1136 3850 1211 3915 Itali
1232 3856 1265 3914 et
1286 3850 1486 3935 Hyperborei
1509 3851 1583 3915 alli-

240 3973 382 4055 ciuntur,
415 3993 486 4037 eum
517 3970 675 4038 eiusmodi
704 3969 761 4051 sit,
795 3978 830 4035 ut
860 3969 1000 4064 scopulis
1029 3970 1063 4035 in
1084 3991 1172 4035 mare
1195 3971 1291 4055 longe
1314 3970 1580 4055 prominentibus,

240 4093 360 4158 crebris
386 4092 583 4175 recessibus,
623 4091 738 4157 insulis
769 4090 907 4174 denique
937 4111 1036 4175 prope
1065 4090 1289 4157 adiacentibus
1318 4090 1492 4176 efficiatur,
1524 4093 1585 4157 boc

240 4213 315 4279 litus
337 4233 402 4277 non
424 4219 547 4276 tantum
569 4211 613 4276 ad
634 4212 830 4296 voluptatem
853 4211 1017 4276 hominum
1041 4220 1073 4278 et
1095 4211 1137 4277 ad
1160 4211 1294 4279 delicias
1317 4213 1488 4278 otiosorum
1507 4233 1585 4298 poe-

240 4341 344 4398 tarum
368 4338 586 4416 comparatum
609 4350 681 4396 esse
704 4339 856 4416 apparet,
891 4331 949 4398 sed
978 4331 1047 4397 fieri
1069 4353 1133 4398 non
1162 4333 1280 4416 potuit,
1315 4332 1392 4415 quin
1420 4334 1509 4417 regio
1539 4334 1585 4398 sie

241 4453 438 4518 conformata
460 4451 501 4516 ab
523 4451 747 4533 antiquissimo
769 4459 912 4537 tempore
935 4451 1031 4517 sedes
1053 4453 1234 4519 commercii
1257 4454 1340 4519 inter
1361 4454 1461 4518 Italos
1483 4474 1587 4538 popu-

241 4573 353 4655 losque
375 4571 604 4638 transmarinos
626 4578 723 4637 esset.
771 4572 876 4650 Quare
899 4573 1014 4637 mirum
1037 4593 1110 4639 esse
1132 4572 1217 4656 dixi,
1243 4580 1367 4640 tautum
1391 4574 1431 4639 de
1454 4573 1504 4657 iis,
1531 4575 1587 4657 qui

242 4692 454 4758 conterminos
489 4693 523 4757 in
560 4693 620 4757 hoc
655 4692 748 4757 litore
784 4712 879 4776 agros
910 4693 1112 4775 incolebant,
1151 4694 1302 4777 gentibus
1332 4695 1537 4778 quaestiones
1567 4716 1588 4759 a

242 4812 319 4876 viris
342 4811 444 4877 doctis
466 4812 629 4878 institutas
652 4831 739 4878 esse:
768 4813 823 4896 qui
844 4813 926 4878 nibil
948 4813 1039 4879 aliud
1062 4814 1216 4879 curabant
1237 4835 1333 4897 quam
1355 4822 1391 4879 ut
1410 4816 1585 4880 Tuscorum

242 4938 275 4997 et
297 4931 450 5014 Ligurum
473 4931 554 4997 fines
576 4953 672 5015 quam
695 4932 935 4998 accuratissime
957 4931 1241 5016 distinguerentur.
1280 4934 1395 5017 Neque
1418 4935 1587 5000 obscurum

242 5058 301 5133 est,
328 5071 391 5134 quo
414 5052 546 5117 consilio
569 5053 628 5117 boe
652 5052 795 5118 fecerint.
842 5052 917 5118 Itali
939 5051 1024 5117 enim
1046 5054 1101 5136 qui
1123 5071 1207 5117 nune
1230 5060 1305 5119 sunt
1326 5074 1366 5119 ea
1389 5055 1495 5121 solent
1515 5075 1587 5121 esse

1367 5176 1378 5224 1
