4206 6248
488 684 538 740 DE
559 684 836 751 ANTIQUISSIMIS
855 684 1007 741 NOhlllllS
1027 683 1229 741 HELLENIOI
1248 683 1406 740 SEDIBUS
1576 687 1617 750 83

276 875 372 940 matis
401 875 478 941 ordo
507 876 554 942 ita
582 876 760 942 inmutatus
789 883 856 959 est,
890 884 925 942 ut
947 877 1088 960 Pyrrhus
1110 896 1131 940 a
1152 876 1364 961 Neoptolemo
1386 895 1448 941 non
1472 875 1620 940 diversas

276 996 460 1061 haberetur.
507 997 687 1062 Pausanias
716 1017 795 1062 sane
825 1017 860 1062 se
882 996 916 1061 in
939 997 1067 1081 Cypriis
1089 996 1209 1080 legisse
1232 996 1331 1062 refert
1352 995 1489 1060 Achillis
1511 995 1577 1061 filio
1600 1017 1620 1060 a

276 1117 437 1183 Phoenice
451 1117 665 1203 Neoptolemi,
691 1138 712 1182 a
727 1117 907 1202 Lycomede
923 1117 1037 1202 Pyrrhi
1060 1138 1175 1183 nomen
1197 1117 1333 1183 inditum
1349 1137 1422 1183 esse
1442 1118 1484 1199 (X
1497 1119 1548 1199 26,
1564 1120 1594 1201 4)
1610 1140 1616 1198 3

277 1237 335 1304 sed
358 1238 454 1304 ualde
476 1238 597 1319 dubito,
623 1259 698 1303 num
721 1239 802 1304 haec
823 1259 881 1324 per
902 1258 937 1303 se
960 1238 1039 1303 satis
1061 1238 1141 1303 mira
1164 1238 1197 1303 in
1212 1238 1352 1322 antiquis
1367 1237 1517 1304 carminis
1533 1237 1621 1303 illius

277 1359 516 1444 exemplaribus
538 1359 670 1425 inuenta
692 1360 766 1425 sint.
813 1360 864 1423 Ex
887 1359 933 1425 eis
956 1368 1074 1441 autem,
1101 1380 1184 1443 quae
1207 1359 1388 1444 Hesychius
1411 1379 1437 1423 s.
1456 1380 1487 1423 ν.
1513 1383 1620 1446 πυρρι-

278 1482 372 1567 χίζειν
387 1480 496 1562 babet,
515 1480 742 1546 Archilochum
757 1487 885 1565 poetam
901 1480 1037 1546 Achillis
1052 1479 1155 1545 filium
1170 1480 1328 1565 Pyrrhum
1343 1480 1529 1565 adpellasse
1545 1500 1621 1545 con-

279 1601 337 1685 ligi
359 1600 486 1666 omnino
508 1621 570 1667 non
592 1608 706 1686 potest.
747 1601 874 1667 Novum
890 1601 1119 1685 Pyrrhidarum
1142 1608 1278 1667 stemma
1300 1623 1321 1666 a
1336 1601 1544 1686 Theopompo
1563 1622 1621 1667 ex-

280 1742 427 1807 pressum
442 1741 514 1787 esse
530 1721 744 1805 fragmentum
761 1723 831 1788 eius
847 1721 989 1787 historici
1005 1722 1211 1804 demonstrat,
1234 1721 1319 1807 quod
1334 1723 1475 1788 samarit
1488 1723 1622 1789 Tuetzes

278 1844 321 1909 ad
345 1843 504 1929 Lycophr.
531 1846 629 1908 1439:
663 1839 764 1930 ἡγὰρ
793 1839 890 1929 μήτηρ
919 1847 971 1909 τοῦ
990 1838 1182 1930 Ἀλεξάνδρου
1204 1839 1224 1928 ἡ
1244 1840 1415 1929 Ὀλυμπιὰς
1437 1845 1480 1918 εἰς
1503 1839 1622 1931 Πύρρον

278 1962 327 2030 τὸν
346 1961 507 2051 Ἀχιλλέως
530 1963 581 2028 καὶ
595 1957 725 2030 Ἕλενον
748 1961 797 2030 τὸν
818 1961 958 2052 Πριάμου
980 1961 1013 2030 τὸ
1035 1966 1120 2050 γένος
1143 1959 1291 2029 ἀνέκαθεν
1316 1961 1459 2053 ἀνέφερεν
1484 1957 1525 2038 ὥς
1548 1991 1624 2052 φησι

279 2083 454 2171 Θεόπομπος
476 2084 527 2149 καὶ
544 2081 731 2172 Πύρανδρος.
779 2085 872 2164 Quod
893 2085 1109 2169 fragmentum
1133 2085 1229 2151 etiam
1253 2106 1324 2151 eam
1347 2086 1387 2152 ob
1410 2106 1540 2152 causam
1555 2107 1624 2152 me-

280 2207 434 2272 morabile
464 2215 531 2290 est,
564 2207 642 2290 quia
663 2206 866 2292 Olympiadis
896 2213 998 2272 mater
1019 2244 1062 2256 -
1085 2206 1125 2272 de
1155 2213 1246 2292 patre
1276 2206 1361 2272 enim
1392 2207 1524 2273 dubium
1550 2226 1622 2272 esse

279 2349 342 2393 uon
364 2334 470 2414 potest
484 2365 527 2373 —
541 2348 583 2392 ex
599 2328 723 2393 Heleno
745 2326 901 2411 originem
926 2327 1057 2392 duxisse
1081 2326 1207 2393 dicitur.
1254 2328 1415 2394 Helenum
1438 2328 1523 2393 enim
1538 2328 1624 2393 Pau-

280 2449 389 2515 sanias
411 2449 427 2513 I
452 2453 487 2512 11
522 2448 621 2514 refert
649 2469 689 2514 ex
712 2447 936 2513 Andromache
965 2447 1066 2513 lilium
1090 2448 1272 2514 Cestrinum
1295 2449 1466 2515 sustulisse
1488 2469 1625 2533 eumque

280 2578 370 2656 patre
399 2576 521 2635 mortno
542 2575 632 2634 trans
654 2569 816 2653 Thyamin
838 2568 974 2647 flumen,
1008 2589 1091 2653 quae
1114 2569 1277 2636 Chaoniae
1300 2589 1375 2655 pars
1398 2570 1543 2636 Cestrine
1566 2570 1626 2635 ad-

281 2692 403 2776 pellata
425 2690 503 2772 fuit,
537 2711 671 2773 reguum
695 2690 888 2757 condidisse.
937 2689 1024 2755 Satis
1046 2690 1256 2774 probabiliter
1277 2690 1377 2774 igitur
1399 2691 1508 2775 colligi
1530 2711 1625 2776 posse

280 2820 357 2898 puto
380 2811 547 2877 Chaonum
577 2830 681 2893 genus
711 2811 836 2895 regium
869 2807 910 2895 {ri
934 2806 1060 2897 ἀρχικὸν
1083 2812 1167 2897 γένος
1189 2812 1291 2878 Thac.
1317 2812 1424 2895 1180)
1452 2812 1627 2896 Pyrrhida-

282 2954 350 2998 rum
380 2916 563 3017 exemplum
591 2931 751 2996 imitatum
782 2930 938 3015 originem
966 2932 1008 2996 ab
1030 2932 1172 3015 Heleno,
1205 2953 1300 3016 quem
1323 2953 1395 2998 cum
1417 2933 1627 3018 Neoptolemo

281 3055 314 3118 in
336 3053 469 3139 Epirum
492 3052 620 3118 venisse
643 3052 731 3117 sama
752 3053 835 3135 tulit,
862 3051 1047 3135 deduxisse,
1073 3053 1299 3139 Olympiadem
1322 3060 1441 3135 autem,
1472 3054 1563 3119 cuius
1586 3054 1627 3119 de

282 3174 407 3259 origine
429 3173 509 3240 alibi
531 3179 686 3257 quantum
710 3173 809 3239 sciam
831 3173 912 3239 nihil
935 3173 1088 3240 traditum
1115 3180 1181 3256 est,
1215 3195 1255 3241 ex
1283 3175 1344 3241 hoc
1372 3195 1491 3261 genere
1520 3175 1629 3241 oriun-

283 3296 357 3362 dam
379 3294 493 3362 fuisse.

369 3416 538 3497 Fabulam,
564 3435 647 3499 quae
669 3421 719 3481 est
740 3414 781 3480 de
803 3434 894 3480 sacro
916 3415 1093 3481 Dodonaeo
1115 3437 1135 3481 a
1155 3417 1353 3484 Deucalione
1375 3424 1448 3503 post
1470 3417 1626 3484 diluvium

283 3538 422 3620 condito,
449 3537 533 3601 circa
554 3536 649 3602 initia
671 3536 793 3601 saeculi
816 3536 921 3619 quarti
943 3544 1043 3602 ortam
1067 3557 1140 3603 esse
1163 3538 1246 3621 dieo,
1273 3559 1335 3621 quo
1357 3545 1499 3623 tempore
1515 3539 1544 3605 is
1560 3547 1630 3605 erat

282 3659 317 3724 in
339 3658 488 3723 Molossis
509 3658 685 3723 animorum
708 3664 811 3722 motus
835 3664 867 3722 et
887 3657 1043 3742 impetus,
1078 3665 1113 3723 ut
1134 3659 1289 3724 Helleues
1311 3667 1343 3726 et
1365 3660 1478 3725 haberi
1501 3668 1533 3726 et
1555 3680 1628 3726 esse

283 3781 391 3864 utique
420 3779 551 3844 vellent.
599 3778 767 3843 Dodonam
790 3798 848 3863 per
870 3779 1034 3844 saeculum
1058 3779 1203 3863 quintum
1227 3781 1392 3846 etiamtum
1416 3782 1627 3866 Thesprotiae

283 3901 383 3966 fuisse
417 3899 520 3966 uideri
553 3899 676 3964 notavit
705 3898 820 3964 Strabo
855 3899 924 3983 (Vll
949 3902 1043 3981 326);
1081 3900 1217 3966 eandem
1252 3903 1356 3967 altera
1384 3911 1475 3987 parte
1506 3903 1628 3968 saeculi

283 4023 388 4104 quarti
420 4020 464 4085 ad
491 4021 701 4085 Molossorum
734 4040 867 4104 regnum
897 4021 1089 4105 pertinuisse
1124 4028 1209 4087 certo
1238 4022 1395 4088 novimus.
1444 4024 1624 4109 Templum,

284 4163 355 4206 cum
372 4142 581 4226 Tharrbypas
604 4140 691 4225 apud
714 4141 869 4205 Molossos
891 4163 996 4207 rerum
1020 4142 1184 4226 potiretur,
1210 4144 1312 4209 abeo
1336 4164 1407 4208 cum
1432 4165 1529 4228 regno
1553 4166 1629 4210 cou-

284 4264 424 4328 iunctum
455 4282 528 4327 esse
558 4270 631 4343 aut,
666 4263 750 4345 quod
780 4263 883 4345 magis
914 4263 1036 4347 placet,
1070 4263 1252 4359 sacerdotes
1282 4271 1425 4349 tempore
1454 4265 1629 4351 prudenter

285 4404 361 4449 usos
384 4384 471 4468 ipsos
494 4384 536 4449 ad
559 4405 668 4467 regem
692 4404 797 4448 rerum
814 4383 1010 4448 Graecarum
1027 4384 1204 4450 studiosum
1220 4385 1398 4451 accessisse
1414 4392 1501 4470 puto.
1539 4387 1630 4450 Tunc

285 4505 381 4570 etiam
412 4504 556 4570 tabulam
582 4504 671 4568 illam
695 4502 736 4568 de
759 4503 881 4585 origine
904 4505 1017 4591 templi
1040 4504 1145 4570 fictam
1169 4525 1241 4571 esse
1264 4513 1403 4591 oportet,
1438 4526 1534 4588 quam
1557 4506 1631 4570 dri-

285 4625 416 4691 stoteles
446 4645 484 4690 eo
514 4623 619 4707 magis
647 4623 798 4709 arripuit,
835 4624 912 4706 quia
940 4625 1023 4690 inter
1050 4627 1205 4692 Hellenes
1234 4633 1266 4692 et
1294 4627 1400 4692 Selloe
1431 4626 1629 4693 adfinitatem

285 4745 448 4827 quandam
470 4743 686 4827 intercedere,
712 4765 777 4827 qua
799 4765 839 4810 ea
861 4746 1117 4831 confirmaretur,
1143 4748 1348 4835 perspexisse
1371 4747 1433 4813 sibi
1456 4748 1545 4813 visus
1568 4756 1627 4814 est.

283 4867 353 4933 Nee
375 4867 436 4934 hoc
458 4866 574 4932 mirum
597 4885 670 4931 esse
685 4865 789 4932 videri
805 4864 917 4946 debet;
945 4868 1075 4951 egregie
1092 4869 1177 4933 enim
1194 4870 1358 4950 falluntur,
1378 4869 1433 4953 qui
1449 4869 1632 4935 Aristotelis

284 4988 318 5053 in
340 4988 437 5054 rebus
467 4986 699 5071 antiquissimis
723 4988 860 5055 eandem
882 4990 1102 5056 auctoritatem
1133 5010 1204 5055 esse
1226 4996 1339 5075 putant
1361 4998 1457 5074 atque
1480 4990 1512 5054 in
1536 4992 1632 5056 rebus

286 5109 409 5175 saeculi
432 5109 536 5192 quarti
558 5109 611 5174 rel
634 5108 748 5191 quinti.
769 5184 771 5193 ⁴
795 5110 972 5177 Acheloum
995 5111 1152 5195 denique,
1178 5110 1269 5175 cuius
1291 5111 1484 5177 mentionem
1508 5113 1634 5179 Aristo-

1385 5233 1422 5284 0·
