4118 6240
328 639 379 692 DE
399 638 640 695 COMMUNIBUS
662 640 712 694 ΕΤ
731 639 924 696 COLLEGIIS
943 639 1163 705 QUIBUSDAM
1181 635 1422 696 auunculum*
1482 643 1540 702 177

193 847 272 912 nus,
298 848 381 912 quae
404 831 544 911 correxi3
578 852 610 896 v.
633 834 670 893 ¹9
693 851 808 897 nomen
831 838 882 897 est
904 832 940 896 Α.
963 827 1101 904 ’alasiam
1121 826 1321 912 'loclraai;}‚l
1347 830 1538 918 Περιγέβης]

196 948 374 1036 Περιγένους
397 957 456 1017 etc.
504 951 734 1035 Duodeviginti
757 952 888 1017 nomina
910 952 1119 1018 bubulcorum
1143 958 1318 1034 sequuntur

273 1065 652 1156 Ὑμνοὸιδοὶσκαλοι·
686 1076 691 1154 Ι
723 1069 1124 1161 ΜηνόφιλοςἭρακλείδου
1148 1074 1256 1158 Φῆλιξ,
1290 1078 1295 1153 Ι
1323 1067 1542 1159 Ἀσκληπιάδης

194 1186 321 1277 Μόσχου
345 1188 453 1280 Πάρις.

280 1312 465 1400 Σειληνοί
498 1309 659 1401 (desirium
688 1313 789 1380 Curtii
826 1316 1062 1401 exemplum)·}
1105 1310 1306 1402 Μηνόφαντος
1338 1308 1542 1402 Μηνοφάντου

197 1428 356 1522 Πολύβιος,
380 1441 385 1514 Ι
405 1432 548 1522 Θάλαμος
567 1432 799 1522 Ἀσκληπιάδου.
822 1442 827 1517 l
848 1435 888 1500 Π.
915 1432 1045 1523 Ουήὸιος
1069 1432 1181 1501 Νάσων
1205 1431 1383 1524 χορηγός.

281 1556 435 1623 Bubulcis
457 1556 491 1622 in
512 1557 572 1623 illa
594 1563 685 1643 parte
707 1577 782 1624 orae
805 1557 946 1625 Asianac
969 1558 1044 1624 olim
1067 1564 1186 1623 certum
1210 1557 1314 1622 locum
1336 1563 1432 1642 atque
1454 1555 1543 1622 ordi-

195 1696 267 1742 nem
291 1697 355 1742 non
377 1677 643 1745 contemnendum
666 1679 699 1744 in
722 1678 823 1744 sacris
845 1679 986 1745 Deorum
1010 1678 1168 1746 faciendis
1184 1677 1335 1744 tributum
1352 1677 1452 1744 fuisse
1468 1683 1543 1745 sunt

194 1817 276 1881 quae
306 1797 401 1865 fidem
433 1798 562 1865 faciant.
610 1800 715 1865 Notus
743 1807 793 1866 est
822 1798 926 1866 Ordes
949 1800 1089 1866 Crinidis
1119 1798 1294 1865 sacerdotis
1325 1778 1543 1887 ἂρχιβοοκόλος

197 1939 259 2001 quo
287 1927 414 1985 auctore
444 1920 589 2004 Chrysae
615 1922 768 2006 templum
791 1921 952 2006 Apollinis
982 1920 1139 1988 Sminthei
1169 1919 1329 1986 conditum
1360 1919 1538 1986 ferebatur:

194 2029 235 2105 de
264 2060 327 2123 quo
350 2041 479 2107 Polemo
501 2041 623 2108 rettulit
649 2043 683 2108 in
706 2042 920 2129 descriptione
944 2043 995 2108 llii
1024 2042 1071 2126 (fr.
1093 2043 1129 2105 31
1149 2042 1275 2127 Prell.].
1321 2041 1467 2124 Itemque
1489 2041 1543 2107 Ilii

195 2168 341 2246 repertus
364 2169 414 2228 est
435 2163 519 2248 lapis
542 2163 580 2228 C.
598 2164 625 2231 1.
644 2163 684 2229 G.
704 2168 788 2230 3605
803 2194 846 2219 =
862 2164 906 2230 Le
923 2163 1221 2246 Bas-Waddington
1235 2182 1267 2228 n.
1290 2164 1382 2245 1038,
1410 2162 1463 2228 ubi
1486 2183 1544 2228 rex

195 2281 311 2365 aliquis
339 2282 558 2367 Pergamenus
579 2323 623 2333 —
645 2292 680 2349 ut
702 2285 886 2351 Boeckhius
914 2285 1123 2371 probabiliter
1152 2283 1287 2349 coniecit
1314 2282 1366 2367 (cf.
1391 2284 1437 2350 Le
1460 2284 1543 2350 Bas-
1658 2308 1660 2313 ¹

196 2402 415 2488 Waddington
437 2427 468 2471 n.
491 2403 597 2491 iitssb)
625 2445 668 2454 -
690 2406 805 2473 litteris
828 2405 870 2471 ad
893 2412 1040 2472 senatum
1059 2405 1276 2491 populumque
1290 2404 1441 2471 Iliensem
1458 2404 1544 2472 datis

195 2524 359 2592 Minervae
381 2526 502 2593 lliacae
526 2546 598 2594 sese
621 2528 719 2593 bores
742 2534 773 2593 et
795 2527 951 2593 bubulcos
965 2525 1135 2593 dedicasse
1151 2531 1323 2592 memorat:
1350 2575 1443 2590 .....
1471 2527 1543 2613 βλα-

200 2646 332 2727 [σβλέως
366 2643 542 2729 [Ἂττάλουβ
564 2644 658 2731 aba,
689 2643 828 2731 'llre'lcaul
862 2650 1032 2736 ‘dimidii
1056 2647 1117 2729 acl]
1144 2652 1187 2734 τῷ
1209 2643 1338 2733 ὃήμβῳβ
1385 2643 1484 2733 Χάριν
1506 2639 1543 2733 ἢν

195 2764 275 2853 ἔχων
298 2770 442 2849 διαλτελῶ
464 2764 545 2854 bplia
568 2771 599 2832 ἐν
621 2765 708 2833 παντὶ
730 2773 828 2856 καιρῷ
849 2765 916 2857 περὶ
931 2772 983 2854 τῆς
999 2764 1072 2856 πρὸς
1094 2765 1127 2832 τὸ
1152 2769 1233 2834 θεῖον
1249 2764 1403 2855 εὐσεβείας
1418 2765 1468 2833 καὶ
1484 2765 1544 2854 pai-

195 2889 281 2952 λιστα
303 2885 376 2975 πρὸς
398 2885 450 2974 τὴν
477 2885 605 2974 Ἀθηνᾶν
628 2891 662 2954 ἐκ
684 2893 737 2976 τῆς
759 2885 902 2977 πρότερον
924 2890 1090 2978 γραφείσης
1113 2893 1272 2976 ἐπιστολῆς
1294 2887 1367 2977 πρὸς
1390 2886 1466 2975 υμᾶς
1488 2892 1543 2956 πέ-

196 3033 321 3094 πεισμαι
342 3012 416 3073 πᾶσι
439 3006 568 3097 φανερὸν
591 3013 773 3098 πεφυκέναι,
803 3006 879 3087 καθ’ι
903 3003 939 3096 ἥν
968 3006 1020 3084 τάς
1048 3035 1080 3076 τε
1110 3012 1179 3096 βοῦς
1201 3008 1252 3074 καὶ
1282 3005 1350 3084 τοὺς
1382 3007 1543 3098 βουκόλους

197 3124 363 3194 discidere·
408 3130 483 3214 [ulai
506 3135 556 3196 νῦν
579 3131 612 3196 δὲ
635 3127 737 3219 χώραν
759 3126 911 3218 τ’,γὸραβα
922 3181 1013 3197 .....
1026 3133 1046 3215 ¹)

282 3250 334 3316 Ad
357 3253 539 3337 exemplum
562 3260 668 3320 autem
691 3253 760 3318 eius
784 3234 924 3318 ususex
947 3254 1054 3337 Mysia
1075 3253 1201 3336 confini,
1231 3253 1264 3319 ui
1285 3252 1391 3338 fallor,
1421 3253 1544 3339 accepti

195 3367 348 3458 βουκόλων
370 3373 498 3439 nomine
514 3375 669 3441 sodalitas
685 3373 898 3439 ministrorum
914 3375 1032 3440 Bacchi
1047 3375 1154 3440 ornari
1169 3374 1282 3459 potuit.
1322 3376 1437 3460 Neque
1459 3375 1544 3441 enim

195 3492 235 3558 de
262 3501 425 3579 pastorum
449 3496 718 3579 Pergamenomm
750 3495 887 3587 collegio
916 3501 1079 3579 tamquam
1109 3495 1268 3561 consimili
1297 3497 1443 3580 collegiis
1473 3497 1544 3582 opi-

196 3613 290 3680 ficum
313 3616 378 3682 illis
401 3617 543 3700 cogitare
560 3616 595 3682 C.
616 3616 744 3682 Curtius
760 3615 910 3682 debebat.
957 3616 1095 3700 Mystico
1119 3637 1195 3682 vero
1218 3616 1287 3682 eius
1302 3617 1440 3683 nominis
1463 3618 1544 3683 ratio

197 3735 293 3801 etiam
324 3737 508 3805 distinctius
537 3738 723 3821 agnoscitur
754 3737 787 3802 in
821 3736 886 3803 alio
919 3737 1074 3802 laterculo
1110 3745 1285 3822 mystarum
1316 3737 1544 3805 Bacchimmm

197 3857 389 3941 Apolloniae
412 3859 563 3925 Ponticae
586 3858 687 3945 lapidi
711 3858 811 3923 inciso
839 3858 885 3943 (O.
904 3858 930 3921 Ι.
950 3857 988 3922 G.
1009 3860 1126 3941 susal:
1153 3859 1208 3924 ubi
1230 3858 1313 3925 inter
1331 3881 1463 3926 munera
1478 3860 1546 3925 col-

197 3978 274 4060 legii
293 3975 437 4065 βουκόλος
453 3966 637 4046 recensetur
658 3980 749 4044 iuxta
771 3974 970 4066 lravaqdpca‚
996 3975 1196 4066 κισταφόρον,
1223 3977 1421 4069 ἇρχιμύσπην,
1449 3977 1544 4068 ἀρχι-

199 4095 365 4187 βασσάραν,
395 4100 491 4166 alios.

281 4221 349 4287 Iam
372 4222 582 4289 bubulcorum
597 4222 866 4305 Pergamenorum
890 4242 1023 4287 munera
1041 4222 1178 4306 mystica
1200 4223 1387 4289 nominatim
1403 4223 1545 4289 afferun-

283 4518 301 4580 ¹)
322 4516 426 4575 Similis
438 4519 582 4575 dedicatio
604 4517 739 4584 (ἀνάθεσις)
755 4518 784 4572 in
796 4516 954 4584 fragmento
967 4517 1039 4585 legis
1050 4517 1241 4585 Pergamenae
1256 4519 1304 4583 (Le
1320 4517 1546 4588 Bas—Wadding-

195 4607 282 4657 tonn.
301 4605 388 4668 tirou
410 4606 527 4660 affertur
545 4607 573 4659 in
592 4604 743 4660 fundorum
761 4622 913 4667 sacrorum,
934 4611 966 4659 ut
984 4605 1107 4666 videtur,
1128 4621 1256 4660 recensu.
1290 4605 1344 4660 Ubi
1364 4607 1440 4674 quod
1459 4607 1544 4661 etiam

195 4688 346 4760 παράδεισος
364 4693 531 4756 nominatur,
553 4693 582 4746 in
600 4693 761 4747 memoriam
781 4698 865 4748 vocat
883 4693 1001 4764 κυνήγια,
1022 4693 1098 4762 quod
1117 4708 1207 4760 genus
1225 4693 1386 4746 certaminis
1405 4693 1546 4747 ludorum-

196 4791 250 4843 que
268 4782 386 4846 apparet
404 4778 432 4831 in
451 4779 681 4848 inscriptionibus
699 4777 850 4833 Iliensibus
869 4780 907 4833 ib.
931 4777 1005 4830 litii
1030 4777 1066 4832 ci.
1090 4778 1183 4831 Πολὺ.
1214 4778 1346 4833 Eiusdem
1366 4779 1483 4846 originis
1502 4785 1547 4833 est

200 4860 363 4932 minima
381 4863 395 4916 ὁ
413 4865 456 4918 καὶ
471 4861 620 4936 Ἐνηλΰνωυ
641 4860 828 4931 (Balatroni
847 4866 960 4930 Wadd.)
983 4865 1155 4939 ἀρχικύνηγος
1173 4865 1212 4919 ib.
1230 4867 1318 4928 titan,
1338 4867 1496 4922 cuius'num
1509 4867 1547 4920 si-

196 4951 270 5003 milis
295 4951 368 5005 ratio
392 4953 431 5006 sit
452 4959 538 5021 atque
562 4951 761 5026 ἀρχιβουαόλου,
788 4969 843 5006 non
862 4967 983 5022 quaero:
1011 4953 1187 5021 inpromptu
1206 4959 1407 5023 sunt-acerque
1426 4952 1547 5020 collegia

196 5037 291 5106 qualia
314 5039 495 5094 inveniuntur
518 5038 640 5094 llaliarti
665 5039 751 5094 Steiri
777 5037 968 5109 Philippopcli
997 5039 1131 5096 [Laeders
1150 5038 1193 5090 die
1211 5039 1393 5107 dae'caysmchcn
1413 5039 1547 5092 Korrstler

195 5125 223 5177 in
242 5126 398 5194 appendice
416 5143 443 5180 n.
464 5128 505 5180 al.
527 5128 568 5177 35.
608 5126 733 5181 Dumont
752 5125 832 5178 inser.
854 5128 886 5179 ele
904 5126 932 5179 la
955 5125 1058 5180 Thrace
1076 5142 1104 5194 p.
1121 5126 1151 5175 lo
1170 5141 1197 5180 n.
1212 5127 1265 5187 42).

1302 5231 1332 5280 12
