4118 6240
692 640 743 695 DE
761 638 942 694 PANDORA
962 639 1113 695 uusrool
1541 638 1600 701 139

257 830 297 896 de
319 831 405 896 Ievis
429 831 460 896 vi
484 830 664 896 inevitabili
687 837 722 895 ut
738 830 771 894 in
786 830 974 915 Theogenis
996 851 1153 896 summam
1177 829 1285 910 efficit,
1312 848 1412 911 quare
1435 827 1603 912 aptissime

257 952 290 1017 iu
313 958 450 1018 exeunte
472 951 654 1016 narratione
678 952 865 1034 inculcatur,
892 952 938 1018 ita
960 954 1000 1017 ab
1024 952 1084 1017 boc
1099 951 1238 1036 Operum
1261 959 1358 1034 atque
1378 949 1510 1014 Dieruur
1534 948 1604 1013 loeo

257 1073 364 1140 aliena
394 1080 461 1153 est,
499 1072 553 1137 nbi
584 1072 687 1156 ipsam
718 1072 823 1157 petius
852 1073 981 1156 generis
1011 1072 1143 1138 humani
1172 1072 1334 1139 miseriam
1361 1077 1457 1155 poeta
1479 1076 1604 1155 spectat

257 1201 354 1279 atque
383 1194 553 1278 explanat:
594 1193 627 1258 id
649 1193 734 1276 quod
763 1215 877 1279 parum
900 1195 1059 1279 percepit,
1094 1193 1146 1258 oui
1171 1194 1259 1259 levis
1281 1192 1401 1257 mentio
1423 1211 1518 1257 versu
1545 1195 1603 1254 lor

258 1316 377 1384 iniecta
399 1315 493 1380 tritae
515 1314 602 1379 illius
625 1315 803 1380 sententiae
826 1315 1019 1400 repetendae
1034 1335 1147 1380 ansam
1163 1314 1262 1381 dedit.
1310 1313 1375 1379 Sed
1392 1334 1432 1378 ne
1447 1318 1605 1377 nostrates

259 1436 387 1520 quidem
411 1437 574 1502 diuersam
599 1437 760 1519 utriusque
783 1436 974 1502 narrationis
1003 1436 1155 1501 rationem
1185 1436 1264 1501 satis
1287 1435 1470 1519 respexisse
1492 1432 1605 1498 viden-

260 1567 327 1625 tur:
354 1558 438 1641 qued
454 1559 481 1623 si
505 1558 667 1640 fecissent,
694 1557 727 1621 ni
751 1558 845 1623 fallor
867 1557 1099 1623 abstinuissent
1120 1563 1188 1623 eta
1210 1555 1369 1641 culpando
1383 1557 1416 1621 in
1432 1555 1492 1621 bae
1515 1560 1606 1639 parte

259 1686 355 1764 poeta
370 1686 402 1745 et
417 1701 437 1744 a
453 1678 635 1744 damnando
656 1679 796 1745 carmine
818 1679 912 1763 quasi
935 1698 1103 1763 perperam
1126 1679 1226 1744 illato.
1274 1678 1387 1744 Liceat
1409 1697 1486 1760 erge
1509 1676 1606 1760 paulo

259 1800 362 1865 fusius
385 1819 554 1884 exponere,
582 1820 638 1864 eur
660 1799 866 1885 plurimorum
890 1799 931 1866 de
954 1800 1014 1865 hae
1036 1821 1070 1867 re
1093 1799 1213 1865 iudicia
1225 1802 1243 1884 ¹)
1265 1819 1325 1864 nee
1347 1818 1424 1864 vera
1446 1818 1505 1863 nee
1520 1796 1606 1863 iusta

259 1941 331 1987 esse
354 1921 508 1987 arbitrer..
561 1926 566 1935 “

345 2043 461 2108 Manca
481 2041 637 2126 imprimis
658 2042 820 2127 plerisque
843 2042 984 2109 narratio
1008 2043 1078 2108 visa
1100 2051 1160 2123 est,
1187 2042 1270 2107 unde
1286 2039 1484 2127 compilatori
1500 2038 1607 2125 potius

237 2157 239 2161 ’
260 2166 312 2230 vol
331 2164 532 2250 epitomatori
551 2184 647 2246 quam
665 2164 767 2229 veteri
785 2154 899 2248 poetae
916 2164 1045 2249 ipsique
1062 2164 1203 2230 Hesiodo
1225 2184 1296 2229 eam
1318 2164 1475 2248 imputare
1497 2161 1608 2227 volue-

260 2292 342 2351 runt.
384 2286 480 2351 Velut
494 2284 527 2350 in
542 2306 580 2350 eo
596 2285 799 2351 offenderunt
813 2285 897 2368 quod
920 2305 1014 2351 versu
1030 2289 1070 2350 48
1094 2306 1165 2352 curn
1189 2284 1376 2370 simpliciter
1397 2283 1524 2350 dicatur
1545 2275 1607 2346 bru

262 2433 310 2492 μιν
326 2401 494 2492 ἐξαπάτησε
511 2402 703 2494 Προμηθεύς,
732 2406 975 2490 ‘quaerentibus
992 2427 1075 2491 quae
1092 2414 1123 2473 et
1138 2407 1245 2489 qualis
1267 2406 1325 2471 illa
1348 2406 1435 2470 fraus
1458 2403 1553 2469 fuerit
1576 2410 1608 2469 et

261 2550 317 2595 cur
346 2534 510 2613 tantopere
540 2535 671 2613 prepter
698 2548 770 2592 eam
800 2528 944 2612 Iuppiter
974 2528 1113 2593 humano
1142 2527 1252 2611 generi
1282 2525 1501 2592 succensuerit
1528 2524 1607 2589 nibil

261 2649 494 2735 respondetur,
519 2649 659 2733 itemque
681 2670 752 2714 eum
775 2669 870 2715 versu
894 2653 935 2713 56
957 2669 1015 2733 per
1038 2648 1084 2714 ool
1107 2646 1135 2714 δ’
1155 2645 1237 2737 αὐτῷ
1261 2650 1339 2734 μέγα
1353 2653 1440 2733 πῆμα
1462 2646 1608 2730 Iuppiter

261 2770 449 2837 Prometheo
471 2791 608 2855 poenam
632 2770 847 2855 praenuntiet,
877 2769 957 2834 nihil
979 2776 1093 2854 postea
1116 2772 1156 2837 dc
1180 2769 1337 2855 supplicio
1359 2768 1429 2835 eius
1452 2766 1608 2851 comperi-

261 2912 342 2958 mus.
398 2892 466 2956 Hes
496 2891 593 2975 igitur
622 2890 767 2957 defectus
790 2891 1030 2977 complerique
1052 2865 1150 2974 aegre
1179 2891 1314 2972 ferrent,
1347 2897 1383 2955 ut
1404 2887 1608 2954 Twestenius

262 3013 449 3098 Koechlyus
478 3011 751 3096 Schoemannusu
784 3011 1012 3096 Bernhardyus
1040 3013 1183 3078 Hillerus
1216 3012 1290 3094 alii,
1327 3031 1391 3076 non
1424 3008 1627 3117 defuerunt·

263 3135 317 3218 qui
340 3132 515 3199 Hesiodum
545 3133 605 3199 boe
634 3133 703 3199 loco
732 3153 796 3198 non
823 3153 992 3200 enarrasse
1015 3134 1175 3216 dicerent,
1207 3140 1380 3218 quactum
1404 3129 1610 3212 inTbeoge-

263 3255 317 3322 nia
351 3253 645 3340 comprehendisset
683 3261 750 3318 tum
786 3254 933 3335 omnibus
969 3262 1045 3320 uota
1081 3255 1218 3321 fuissent
1254 3260 1286 3320 et
1316 3252 1475 3320 communi
1505 3251 1609 3317 Grae-

263 3397 369 3441 corum
399 3375 552 3441 memoria
581 3375 759 3459 divulgata.
814 3375 972 3441 Fabulam
994 3376 1054 3442 boc
1078 3377 1147 3441 loeo
1173 3375 1259 3441 haud
1281 3374 1501 3440 absconditam
1524 3379 1608 3438 trae-

264 3497 324 3562 tari
347 3517 457 3562 verum
481 3503 539 3577 est,
566 3516 671 3579 neque
693 3503 800 3562 tamen
824 3496 941 3563 sufficit
963 3497 1021 3562 illa
1043 3498 1139 3562 ratio:
1167 3495 1243 3581 quid
1266 3496 1374 3563 cuim?
1403 3516 1479 3560 num
1502 3494 1608 3559 miuus

264 3627 339 3683 nota
360 3622 452 3683 eraut
474 3616 678 3683 audientibus
700 3638 782 3702 quae
805 3618 934 3684 uberius
956 3618 1158 3704 persequitur
1179 3639 1274 3703 quam
1297 3637 1381 3701 quae
1396 3615 1489 3682 mode
1504 3615 1609 3699 tetigit

351 3881 368 3944 ¹)
389 3879 569 3934 Communem
588 3876 647 3932 fere
665 3879 826 3932 criticorum
845 3881 1003 3948 opinionem
1023 3880 1067 3934 bis
1085 3880 1181 3935 verbis
1194 3878 1394 3949 Bernhardyus
1409 3879 1437 3932 iu
1450 3878 1607 3932 litterarum

263 3981 425 4034 graecarum
445 3965 563 4019 historia
580 3965 636 4019 vol.
652 3964 693 4017 11³
710 3966 807 4033 paral
832 3983 858 4035 p.
874 3968 924 4016 289
943 3965 1155 4033 complectitur:
1185 3964 1257 4018 ‘Ein
1282 3965 1468 4036 oqffellendee
1487 3964 1609 4016 Beireerlr

264 4071 314 4115 eon
331 4051 540 4121 rhapsodieeber
559 4049 646 4102 Hand
668 4051 771 4103 susurru
794 4051 837 4104 die
854 4051 1038 4121 sremdarlr'pe
1058 4050 1216 4119 Ilipreesr'on
1242 4067 1290 4102 nou
1310 4049 1438 4103 Pandora
1456 4051 1505 4103 der
1522 4055 1607 4102 ersten

267 4139 353 4202 Fron,
373 4139 415 4190 dr'e
433 4155 492 4189 zum
517 4136 614 4189 Urrber'l
631 4137 679 4189 der
698 4138 841 4191 Menecles
860 4137 1018 4206 lterabstr'ep.
1050 4137 1147 4191 Dicaea
1164 4136 1308 4190 Frutsruck
1327 4137 1398 4200 uber,
1418 4135 1528 4190 reolebes
1545 4135 1608 4188 :rei-

263 4226 342 4280 seben
361 4223 528 4276 Prooemium
544 4224 600 4276 arrd
618 4225 668 4276 den
687 4225 801 4293 Mptbuu
819 4243 869 4278 ven
887 4226 936 4278 den
959 4224 1160 4277 Goscblecbtcrn
1179 4224 1239 4277 rebel
1255 4223 1360 4292 pastelli
1378 4225 1434 4276 und
1451 4223 1561 4277 obeabr‘n
1580 4221 1608 4275 in

263 4312 419 4366 aedwacben
439 4311 528 4379 Zrlpen
544 4309 694 4378 pazeicbrret
712 4310 755 4371 iet,
777 4310 896 4364 bedeulet
914 4311 999 4380 roerriq
1018 4312 1101 4372 mehr,
1123 4312 1164 4365 ola
1181 4311 1239 4364 eine
1257 4315 1338 4363 narra
1357 4308 1546 4378 Noebbr'lduup
1564 4310 1610 4362 dee

264 4398 434 4453 seruandae
454 4396 628 4464 Epr'eodr'oms
653 4397 682 4450 in
706 4398 753 4450 dm
775 4397 936 4468 Theopouie,
962 4417 1001 4451 wo
1025 4399 1067 4451 die
1086 4397 1225 4470 Rrfierr'on
1249 4397 1371 4450 liberalia
1393 4397 1546 4450 Geacbr'ebtc
1563 4397 1610 4449 dee

264 4481 569 4554 Mensobcnpescblecbte
586 4501 629 4535 aru
649 4483 739 4535 Plane
757 4501 814 4536 war
831 4485 886 4536 und
904 4483 972 4536 uueb
989 4485 1017 4536 in
1035 4485 1213 4538 entwiebelter
1231 4485 1307 4538 Rode
1324 4483 1380 4536 sict
1398 4482 1574 4553 aucepricbt'.

350 4569 368 4632 ἓ)
391 4569 481 4638 Prope
509 4569 537 4622 iu
564 4567 617 4621 hae
645 4568 681 4621 de
709 4568 895 4636 epitomature
925 4570 1046 4638 quodam
1074 4571 1204 4640 opinione
1228 4570 1438 4627 Seboemannus
1465 4568 1547 4623 abest
1573 4569 1611 4623 ab

264 4674 313 4720 eo,
333 4656 413 4711 euius
431 4652 583 4707 acerrimus
601 4654 781 4708 adversarius
800 4669 864 4707 esse
882 4655 971 4717 solet,
999 4653 1146 4725 Koeelrlyo
1174 4655 1282 4719 (⁶rtkud.
1308 4658 1398 4711 Vertr.
1418 4675 1445 4708 a.
1466 4655 1612 4709 Abbaudl!

266 4742 279 4796 l
297 4761 323 4812 p.
339 4743 388 4793 389
399 4745 487 4810 sqq.):
509 4740 563 4794 nisi
583 4740 659 4809 quod
676 4740 725 4793 ille
744 4740 890 4808 ingeniose
910 4741 1039 4811 quidem,
1061 4742 1112 4796 sed
1130 4743 1213 4797 nimis
1230 4743 1344 4812 ingenio
1362 4744 1513 4811 indulgens
1532 4743 1614 4797 resti-

265 4836 344 4885 tuere
368 4833 486 4881 eonatus
509 4831 553 4881 est
575 4831 659 4882 vetus
683 4826 799 4895 aliquod
825 4827 861 4880 de
880 4827 1048 4882 Prometheo
1067 4844 1178 4882 carmen
1197 4830 1323 4898 epicum,
1349 4847 1384 4885 ex
1403 4846 1458 4900 quo
1477 4835 1611 4899 excerpta

265 4933 329 4971 csse
352 4915 407 4970 sibi
431 4913 512 4967 fiuxit
535 4918 564 4968 et
586 4927 659 4982 quae
684 4913 712 4966 in
731 4912 896 4980 Theogonis
919 4913 1087 4969 exhibentur
1111 4921 1141 4971 et
1163 4914 1215 4969 boe
1234 4917 1309 4986 quud
1329 4923 1483 4972 tractamus
1500 4931 1609 4985 poema.

265 5000 389 5057 Confusa
407 5000 529 5069 denique
548 4998 660 5055 Steitzii
685 5000 722 5054 de
744 4999 798 5054 boc
823 5000 944 5056 camnine
968 5007 997 5056 et
1016 5002 1152 5070 imprimis
1172 5003 1310 5059 deversa
1330 5007 1361 5054 5ss
1381 5003 1539 5072 disputatio
1557 5008 1611 5066 est,

264 5106 347 5159 quam
366 5089 479 5142 missam
499 5084 581 5141 facio.
