<?xml version="1.0" encoding="UTF-8"?>
<!DOCTYPE html PUBLIC "-//W3C//DTD XHTML 1.0 Transitional//EN"
    "http://www.w3.org/TR/xhtml1/DTD/xhtml1-transitional.dtd">
<html xmlns="http://www.w3.org/1999/xhtml" xml:lang="en" lang="en">
 <head>
  <title>
</title>
<meta http-equiv="Content-Type" content="text/html;charset=utf-8" />
  <meta name='ocr-system' content='tesseract 3.04.00' />
  <meta name='ocr-capabilities' content='ocr_page ocr_carea ocr_par ocr_line ocrx_word'/>
</head>
<body>
  <div class='ocr_page' id='page_1' title='image "./satvraphilologa00unkngoog_0107.png"; bbox 0 0 4118 6240; ppageno 0'>
   <div class='ocr_carea' id='block_1_1' title="bbox 479 677 1250 742">
    <p class='ocr_par' dir='ltr' id='par_1_1' title="bbox 479 677 1250 742">
     <span class='ocr_line' id='line_1_1' title="bbox 479 677 1250 742; baseline -0.014 0"><span class='ocrx_word' id='word_1_1' title='bbox 479 680 520 742; x_wconf 83' lang='lat'>96</span> <span class='ocrx_word' id='word_1_2' title='bbox 1055 677 1088 733; x_wconf 82' lang='lat' dir='ltr'>E.</span> <span class='ocrx_word' id='word_1_3' title='bbox 1109 678 1250 733; x_wconf 82' lang='lat' dir='ltr'>HILLER</span> 
     </span>
    </p>
   </div>
   <div class='ocr_carea' id='block_1_2' title="bbox 478 863 1831 2387">
    <p class='ocr_par' dir='ltr' id='par_1_2' title="bbox 478 863 1831 2387">
     <span class='ocr_line' id='line_1_2' title="bbox 478 863 1826 957; baseline 0 -23"><span class='ocrx_word' id='word_1_4' title='bbox 478 871 512 934; x_wconf 83' lang='grc' dir='ltr'>ἐκ</span> <span class='ocrx_word' id='word_1_5' title='bbox 545 863 674 935; x_wconf 79' lang='grc' dir='ltr'>τούτων·</span> <span class='ocrx_word' id='word_1_6' title='bbox 709 865 747 934; x_wconf 83' lang='grc' dir='ltr'>τά</span> <span class='ocrx_word' id='word_1_7' title='bbox 779 864 915 957; x_wconf 76' lang='grc' dir='ltr'>Κάρνεια</span> <span class='ocrx_word' id='word_1_8' title='bbox 948 873 1065 956; x_wconf 81' lang='grc' dir='ltr'>πρῶτος</span> <span class='ocrx_word' id='word_1_9' title='bbox 1095 865 1213 934; x_wconf 88' lang='grc' dir='ltr'>πάντων</span> <span class='ocrx_word' id='word_1_10' title='bbox 1244 870 1436 956; x_wconf 83' lang='grc' dir='ltr'>Τέρπανδρος</span> <span class='ocrx_word' id='word_1_11' title='bbox 1467 875 1544 955; x_wconf 75' lang='grc' dir='ltr'>νικᾷ,</span> <span class='ocrx_word' id='word_1_12' title='bbox 1580 864 1621 942; x_wconf 81' lang='grc' dir='ltr'>ὡς</span> <span class='ocrx_word' id='word_1_13' title='bbox 1645 863 1826 942; x_wconf 72' lang='grc' dir='ltr'>Ἑλλάνικος</span> 
     </span>
     <span class='ocr_line' id='line_1_3' title="bbox 480 985 1826 1078; baseline 0 -24"><span class='ocrx_word' id='word_1_14' title='bbox 480 991 590 1078; x_wconf 84' lang='grc' dir='ltr'>ἱστορεῖ</span> <span class='ocrx_word' id='word_1_15' title='bbox 612 991 643 1055; x_wconf 88' lang='grc' dir='ltr'>ἔν</span> <span class='ocrx_word' id='word_1_16' title='bbox 665 1012 698 1054; x_wconf 84' lang='grc' dir='ltr'>τε</span> <span class='ocrx_word' id='word_1_17' title='bbox 719 990 781 1063; x_wconf 90' lang='grc' dir='ltr'>τοῖς</span> <span class='ocrx_word' id='word_1_18' title='bbox 804 991 962 1078; x_wconf 77' lang='grc' dir='ltr'>ἐμμέτροις</span> <span class='ocrx_word' id='word_1_19' title='bbox 986 988 1200 1078; x_wconf 80' lang='grc' dir='ltr'>Καρνεονίκαις</span> <span class='ocrx_word' id='word_1_20' title='bbox 1223 986 1280 1057; x_wconf 88' lang='grc' dir='ltr'>κύιν</span> <span class='ocrx_word' id='word_1_21' title='bbox 1302 992 1364 1063; x_wconf 88' lang='grc' dir='ltr'>τοῖς</span> <span class='ocrx_word' id='word_1_22' title='bbox 1387 985 1610 1075; x_wconf 68' lang='grc' dir='ltr'>καταλογάδην.</span> <span class='ocrx_word' id='word_1_23' title='bbox 1652 991 1770 1075; x_wconf 82' lang='grc' dir='ltr'>ἐγένετο</span> <span class='ocrx_word' id='word_1_24' title='bbox 1793 989 1826 1054; x_wconf 83' lang='grc' dir='ltr'>δὲ</span> 
     </span>
     <span class='ocr_line' id='line_1_4' title="bbox 478 1106 1826 1199; baseline -0.001 -23"><span class='ocrx_word' id='word_1_25' title='bbox 478 1107 497 1197; x_wconf 80' lang='grc' dir='ltr'>η</span> <span class='ocrx_word' id='word_1_26' title='bbox 523 1112 605 1185; x_wconf 85' lang='grc' dir='ltr'>θέσις</span> <span class='ocrx_word' id='word_1_27' title='bbox 626 1117 683 1176; x_wconf 82' lang='grc' dir='ltr'>τῶν</span> <span class='ocrx_word' id='word_1_28' title='bbox 707 1108 862 1199; x_wconf 79' lang='grc' dir='ltr'>Καρνείων</span> <span class='ocrx_word' id='word_1_29' title='bbox 884 1106 961 1176; x_wconf 82' lang='grc' dir='ltr'>κατὰ</span> <span class='ocrx_word' id='word_1_30' title='bbox 984 1107 1035 1197; x_wconf 86' lang='grc' dir='ltr'>τῆν</span> <span class='ocrx_word' id='word_1_31' title='bbox 1058 1113 1145 1196; x_wconf 86' lang='grc' dir='ltr'>ἕκτην</span> <span class='ocrx_word' id='word_1_32' title='bbox 1169 1111 1220 1176; x_wconf 86' lang='grc' dir='ltr'>καί</span> <span class='ocrx_word' id='word_1_33' title='bbox 1244 1106 1378 1197; x_wconf 80' lang='grc' dir='ltr'>εἰκοστῆν</span> <span class='ocrx_word' id='word_1_34' title='bbox 1402 1106 1590 1195; x_wconf 82' lang='grc' dir='ltr'>ὀλυμπιάδα,</span> <span class='ocrx_word' id='word_1_35' title='bbox 1616 1106 1654 1184; x_wconf 81' lang='grc' dir='ltr'>ὡς</span> <span class='ocrx_word' id='word_1_36' title='bbox 1678 1107 1826 1199; x_wconf 83' lang='grc' dir='ltr'>Σωσίβιός</span> 
     </span>
     <span class='ocr_line' id='line_1_5' title="bbox 479 1231 1827 1322; baseline -0.001 -25"><span class='ocrx_word' id='word_1_37' title='bbox 479 1231 1827 1322; x_wconf 51' lang='lat' dir='ltr'>wmwwfflmwzmmmmmawmmmnmmi</span> 
     </span>
     <span class='ocr_line' id='line_1_6' title="bbox 479 1352 1824 1439; baseline -0.001 -20"><span class='ocrx_word' id='word_1_38' title='bbox 479 1353 553 1420; x_wconf 90' lang='lat' dir='ltr'>dem</span> <span class='ocrx_word' id='word_1_39' title='bbox 576 1354 609 1419; x_wconf 93' lang='lat' dir='ltr'>in</span> <span class='ocrx_word' id='word_1_40' title='bbox 630 1360 721 1419; x_wconf 88' lang='lat' dir='ltr'>tanta</span> <span class='ocrx_word' id='word_1_41' title='bbox 742 1360 922 1439; x_wconf 88' lang='lat' dir='ltr'>temporum</span> <span class='ocrx_word' id='word_1_42' title='bbox 945 1354 1072 1419; x_wconf 89' lang='lat' dir='ltr'>illorum</span> <span class='ocrx_word' id='word_1_43' title='bbox 1095 1353 1289 1420; x_wconf 73' lang='lat' dir='ltr'>obscuritate</span> <span class='ocrx_word' id='word_1_44' title='bbox 1305 1374 1363 1438; x_wconf 90' lang='lat' dir='ltr'>pro</span> <span class='ocrx_word' id='word_1_45' title='bbox 1378 1352 1559 1419; x_wconf 83' lang='lat' dir='ltr'>certissima</span> <span class='ocrx_word' id='word_1_46' title='bbox 1573 1352 1683 1418; x_wconf 87' lang='lat' dir='ltr'>haberi</span> <span class='ocrx_word' id='word_1_47' title='bbox 1707 1359 1824 1437; x_wconf 78' lang='lat' dir='ltr'>potest,</span> 
     </span>
     <span class='ocr_line' id='line_1_7' title="bbox 480 1473 1828 1557; baseline 0 -18"><span class='ocrx_word' id='word_1_48' title='bbox 480 1475 593 1540; x_wconf 87' lang='lat' dir='ltr'>melior</span> <span class='ocrx_word' id='word_1_49' title='bbox 615 1481 733 1552; x_wconf 81' lang='lat' dir='ltr'>tamen,</span> <span class='ocrx_word' id='word_1_50' title='bbox 758 1474 820 1540; x_wconf 85' lang='lat' dir='ltr'>nisi</span> <span class='ocrx_word' id='word_1_51' title='bbox 844 1475 1050 1541; x_wconf 84' lang='lat' dir='ltr'>vehementer</span> <span class='ocrx_word' id='word_1_52' title='bbox 1073 1473 1176 1556; x_wconf 86' lang='lat' dir='ltr'>fallor,</span> <span class='ocrx_word' id='word_1_53' title='bbox 1202 1494 1307 1557; x_wconf 87' lang='lat' dir='ltr'>neque</span> <span class='ocrx_word' id='word_1_54' title='bbox 1329 1474 1462 1540; x_wconf 85' lang='lat' dir='ltr'>inventa</span> <span class='ocrx_word' id='word_1_55' title='bbox 1484 1479 1534 1539; x_wconf 86' lang='lat' dir='ltr'>est</span> <span class='ocrx_word' id='word_1_56' title='bbox 1555 1493 1660 1557; x_wconf 87' lang='lat' dir='ltr'>nequo</span> <span class='ocrx_word' id='word_1_57' title='bbox 1683 1473 1828 1539; x_wconf 87' lang='lat' dir='ltr'>invenie-</span> 
     </span>
     <span class='ocr_line' id='line_1_8' title="bbox 480 1593 1828 1680; baseline -0.002 -18"><span class='ocrx_word' id='word_1_58' title='bbox 480 1603 540 1662; x_wconf 91' lang='lat' dir='ltr'>tur.</span> <span class='ocrx_word' id='word_1_59' title='bbox 594 1595 741 1679; x_wconf 89' lang='lat' dir='ltr'>Denique</span> <span class='ocrx_word' id='word_1_60' title='bbox 771 1595 874 1678; x_wconf 89' lang='lat' dir='ltr'>addo,</span> <span class='ocrx_word' id='word_1_61' title='bbox 906 1595 1010 1661; x_wconf 89' lang='lat' dir='ltr'>eidem</span> <span class='ocrx_word' id='word_1_62' title='bbox 1041 1595 1185 1680; x_wconf 78' lang='lat' dir='ltr'>scriptori</span> <span class='ocrx_word' id='word_1_63' title='bbox 1215 1595 1398 1662; x_wconf 82' lang='lat' dir='ltr'>necessario</span> <span class='ocrx_word' id='word_1_64' title='bbox 1427 1593 1598 1660; x_wconf 87' lang='lat' dir='ltr'>tribuenda</span> <span class='ocrx_word' id='word_1_65' title='bbox 1626 1614 1700 1661; x_wconf 83' lang='lat' dir='ltr'>esse</span> <span class='ocrx_word' id='word_1_66' title='bbox 1730 1596 1828 1660; x_wconf 86' lang='lat' dir='ltr'>verba</span> 
     </span>
     <span class='ocr_line' id='line_1_9' title="bbox 480 1709 1829 1803; baseline -0.002 -22"><span class='ocrx_word' id='word_1_67' title='bbox 480 1738 551 1782; x_wconf 91' lang='lat' dir='ltr'>cum</span> <span class='ocrx_word' id='word_1_68' title='bbox 574 1717 755 1782; x_wconf 82' lang='lat' dir='ltr'>testimonio</span> <span class='ocrx_word' id='word_1_69' title='bbox 778 1716 963 1801; x_wconf 81' lang='lat' dir='ltr'>Hieronymi</span> <span class='ocrx_word' id='word_1_70' title='bbox 988 1716 1157 1782; x_wconf 90' lang='lat' dir='ltr'>coniuncta</span> <span class='ocrx_word' id='word_1_71' title='bbox 1183 1709 1218 1790; x_wconf 84' lang='grc' dir='ltr'>δς</span> <span class='ocrx_word' id='word_1_72' title='bbox 1248 1712 1304 1782; x_wconf 83' lang='grc' dir='ltr'>ὐπὸ</span> <span class='ocrx_word' id='word_1_73' title='bbox 1326 1713 1450 1782; x_wconf 78' lang='grc' dir='ltr'>’πάντων</span> <span class='ocrx_word' id='word_1_74' title='bbox 1477 1712 1645 1803; x_wconf 80' lang='grc' dir='ltr'>συμφώνως</span> <span class='ocrx_word' id='word_1_75' title='bbox 1669 1717 1829 1803; x_wconf 78' lang='grc' dir='ltr'>ἱστορεῖται</span> 
     </span>
     <span class='ocr_line' id='line_1_10' title="bbox 481 1833 1829 1926; baseline -0.001 -24"><span class='ocrx_word' id='word_1_76' title='bbox 481 1833 556 1924; x_wconf 83' lang='grc' dir='ltr'>μετὰ</span> <span class='ocrx_word' id='word_1_77' title='bbox 577 1841 630 1903; x_wconf 78' lang='grc' dir='ltr'>τοῖν</span> <span class='ocrx_word' id='word_1_78' title='bbox 648 1834 761 1925; x_wconf 88' lang='grc' dir='ltr'>Ἰφίτου</span> <span class='ocrx_word' id='word_1_79' title='bbox 783 1842 835 1903; x_wconf 80' lang='grc' dir='ltr'>τοῦ</span> <span class='ocrx_word' id='word_1_80' title='bbox 853 1835 974 1903; x_wconf 82' lang='grc' dir='ltr'>Ἠλείου</span> <span class='ocrx_word' id='word_1_81' title='bbox 996 1834 1049 1923; x_wconf 87' lang='grc' dir='ltr'>τῆν</span> <span class='ocrx_word' id='word_1_82' title='bbox 1078 1833 1199 1925; x_wconf 82' lang='grc' dir='ltr'>πρώτην</span> <span class='ocrx_word' id='word_1_83' title='bbox 1223 1835 1446 1926; x_wconf 74' lang='grc' dir='ltr'>ἀριθμηθεῖσαν</span> <span class='ocrx_word' id='word_1_84' title='bbox 1469 1841 1527 1902; x_wconf 82' lang='grc' dir='ltr'>τῶν</span> <span class='ocrx_word' id='word_1_85' title='bbox 1546 1834 1714 1923; x_wconf 83' lang='grc' dir='ltr'>Ὀλυμπίων</span> <span class='ocrx_word' id='word_1_86' title='bbox 1745 1838 1829 1902; x_wconf 83' lang='grc' dir='ltr'>θέσιν</span> 
     </span>
     <span class='ocr_line' id='line_1_11' title="bbox 483 1932 1826 2043; baseline -0.001 -21"><span class='ocrx_word' id='word_1_87' title='bbox 483 1959 651 2042; x_wconf 81' lang='grc' dir='ltr'>διαθεῖναι,</span> <span class='ocrx_word' id='word_1_88' title='bbox 682 1978 746 2023; x_wconf 95' lang='lat' dir='ltr'>non</span> <span class='ocrx_word' id='word_1_89' title='bbox 769 1958 832 2043; x_wconf 85' lang='lat' dir='ltr'>ipsi</span> <span class='ocrx_word' id='word_1_90' title='bbox 855 1959 1050 2043; x_wconf 82' lang='lat' dir='ltr'>Hieronymo</span> <span class='ocrx_word' id='word_1_91' title='bbox 1073 1959 1122 2024; x_wconf 90' lang='lat' dir='ltr'>cui</span> <span class='ocrx_word' id='word_1_92' title='bbox 1146 1958 1310 2043; x_wconf 80' lang='lat' dir='ltr'>adscripta</span> <span class='ocrx_word' id='word_1_93' title='bbox 1338 1932 1413 2025; x_wconf 83' lang='lat' dir='ltr'>snut</span> <span class='ocrx_word' id='word_1_94' title='bbox 1442 1959 1685 2043; x_wconf 83' lang='lat' dir='ltr'>aWcstphalio</span> <span class='ocrx_word' id='word_1_95' title='bbox 1712 1958 1826 2023; x_wconf 73' lang='lat' dir='ltr'>Gesco.</span> 
     </span>
     <span class='ocr_line' id='line_1_12' title="bbox 482 2079 1826 2164; baseline 0.001 -21"><span class='ocrx_word' id='word_1_96' title='bbox 482 2081 539 2144; x_wconf 79' lang='lat' dir='ltr'>der</span> <span class='ocrx_word' id='word_1_97' title='bbox 560 2081 646 2143; x_wconf 74' lang='lat' dir='ltr'>alteo</span> <span class='ocrx_word' id='word_1_98' title='bbox 668 2079 778 2144; x_wconf 71' lang='lat' dir='ltr'>Morit-</span> <span class='ocrx_word' id='word_1_99' title='bbox 804 2101 836 2164; x_wconf 90' lang='lat' dir='ltr'>p.</span> <span class='ocrx_word' id='word_1_100' title='bbox 856 2084 895 2144; x_wconf 83' lang='lat'>67</span> <span class='ocrx_word' id='word_1_101' title='bbox 913 2100 984 2162; x_wconf 71' lang='grc' dir='ltr'>ρης</span> <span class='ocrx_word' id='word_1_102' title='bbox 1018 2079 1177 2164; x_wconf 87' lang='lat' dir='ltr'>pertinent</span> <span class='ocrx_word' id='word_1_103' title='bbox 1207 2080 1292 2146; x_wconf 92' lang='lat' dir='ltr'>enim</span> <span class='ocrx_word' id='word_1_104' title='bbox 1323 2080 1366 2146; x_wconf 84' lang='lat' dir='ltr'>ad</span> <span class='ocrx_word' id='word_1_105' title='bbox 1394 2080 1482 2146; x_wconf 85' lang='lat' dir='ltr'>iilius</span> <span class='ocrx_word' id='word_1_106' title='bbox 1505 2080 1826 2163; x_wconf 80' lang='lat' dir='ltr'>argumentationem,</span> 
     </span>
     <span class='ocr_line' id='line_1_13' title="bbox 482 2198 1831 2285; baseline 0 -21"><span class='ocrx_word' id='word_1_107' title='bbox 482 2221 547 2283; x_wconf 90' lang='lat' dir='ltr'>qua</span> <span class='ocrx_word' id='word_1_108' title='bbox 569 2198 806 2285; x_wconf 81' lang='lat' dir='ltr'>Terpandrum‚</span> <span class='ocrx_word' id='word_1_109' title='bbox 841 2200 924 2266; x_wconf 86' lang='lat' dir='ltr'>sicut</span> <span class='ocrx_word' id='word_1_110' title='bbox 946 2200 1093 2285; x_wconf 83' lang='lat' dir='ltr'>Sappho,</span> <span class='ocrx_word' id='word_1_111' title='bbox 1125 2202 1325 2267; x_wconf 80' lang='lat' dir='ltr'>Anacreonte</span> <span class='ocrx_word' id='word_1_112' title='bbox 1354 2201 1564 2284; x_wconf 87' lang='lat' dir='ltr'>antiquiorem</span> <span class='ocrx_word' id='word_1_113' title='bbox 1587 2221 1660 2267; x_wconf 80' lang='lat' dir='ltr'>esse</span> <span class='ocrx_word' id='word_1_114' title='bbox 1683 2221 1831 2285; x_wconf 79' lang='lat' dir='ltr'>compro</span> 
     </span>
     <span class='ocr_line' id='line_1_14' title="bbox 482 2321 700 2387; baseline -0.005 0"><span class='ocrx_word' id='word_1_115' title='bbox 482 2322 559 2387; x_wconf 86' lang='lat' dir='ltr'>bare</span> <span class='ocrx_word' id='word_1_116' title='bbox 582 2321 700 2386; x_wconf 81' lang='lat' dir='ltr'>studet.</span> 
     </span>
    </p>
   </div>
   <div class='ocr_carea' id='block_1_3' title="bbox 483 2555 1834 3259">
    <p class='ocr_par' dir='ltr' id='par_1_3' title="bbox 483 2555 1833 3016">
     <span class='ocr_line' id='line_1_15' title="bbox 569 2555 1828 2651; baseline -0.003 -22"><span class='ocrx_word' id='word_1_117' title='bbox 569 2563 624 2629; x_wconf 91' lang='lat' dir='ltr'>VI.</span> <span class='ocrx_word' id='word_1_118' title='bbox 658 2562 733 2629; x_wconf 81' lang='lat' dir='ltr'>Ath.</span> <span class='ocrx_word' id='word_1_119' title='bbox 758 2563 839 2628; x_wconf 88' lang='lat' dir='ltr'>XIII</span> <span class='ocrx_word' id='word_1_120' title='bbox 866 2584 899 2649; x_wconf 92' lang='lat' dir='ltr'>p.</span> <span class='ocrx_word' id='word_1_121' title='bbox 923 2564 1029 2628; x_wconf 74' lang='lat' dir='ltr'>557ss</span> <span class='ocrx_word' id='word_1_122' title='bbox 1058 2559 1221 2650; x_wconf 76' lang='grc' dir='ltr'>φιλογύνης</span> <span class='ocrx_word' id='word_1_123' title='bbox 1252 2560 1278 2628; x_wconf 79' lang='grc' dir='ltr'>δ’</span> <span class='ocrx_word' id='word_1_124' title='bbox 1305 2555 1342 2650; x_wconf 83' lang='grc' dir='ltr'>ῆν</span> <span class='ocrx_word' id='word_1_125' title='bbox 1371 2563 1423 2629; x_wconf 87' lang='grc' dir='ltr'>καί</span> <span class='ocrx_word' id='word_1_126' title='bbox 1452 2560 1617 2651; x_wconf 86' lang='grc' dir='ltr'>Εὐριπίδης</span> <span class='ocrx_word' id='word_1_127' title='bbox 1646 2560 1662 2628; x_wconf 85' lang='grc' dir='ltr'>δ</span> <span class='ocrx_word' id='word_1_128' title='bbox 1690 2559 1828 2650; x_wconf 80' lang='grc' dir='ltr'>ποιητῆς.</span> 
     </span>
     <span class='ocr_line' id='line_1_16' title="bbox 483 2680 1833 2772; baseline -0.002 -21"><span class='ocrx_word' id='word_1_129' title='bbox 483 2680 664 2772; x_wconf 82' lang='grc' dir='ltr'>Ἱερώνυμος</span> <span class='ocrx_word' id='word_1_130' title='bbox 687 2689 758 2771; x_wconf 81' lang='grc' dir='ltr'>γοῦν</span> <span class='ocrx_word' id='word_1_131' title='bbox 780 2686 818 2750; x_wconf 81' lang='grc' dir='ltr'>ἐν</span> <span class='ocrx_word' id='word_1_132' title='bbox 847 2686 1067 2772; x_wconf 78' lang='grc' dir='ltr'>ἱστορικοῖς</span> <span class='ocrx_word' id='word_1_133' title='bbox 1091 2681 1344 2771; x_wconf 81' lang='grc' dir='ltr'>ὖπομνῆμασί</span> <span class='ocrx_word' id='word_1_134' title='bbox 1366 2710 1457 2772; x_wconf 82' lang='grc' dir='ltr'>φησιν</span> <span class='ocrx_word' id='word_1_135' title='bbox 1481 2680 1591 2759; x_wconf 66' lang='grc' dir='ltr'>οὕτως*</span> <span class='ocrx_word' id='word_1_136' title='bbox 1617 2681 1750 2758; x_wconf 84' lang='grc' dir='ltr'>εἰπόντος</span> <span class='ocrx_word' id='word_1_137' title='bbox 1773 2685 1833 2749; x_wconf 90' lang='grc' dir='ltr'>Σο-</span> 
     </span>
     <span class='ocr_line' id='line_1_17' title="bbox 484 2799 1831 2895; baseline -0.001 -25"><span class='ocrx_word' id='word_1_138' title='bbox 484 2808 591 2894; x_wconf 87' lang='grc' dir='ltr'>φοκλεῖ</span> <span class='ocrx_word' id='word_1_139' title='bbox 619 2831 698 2878; x_wconf 89' lang='grc' dir='ltr'>τινος</span> <span class='ocrx_word' id='word_1_140' title='bbox 725 2799 770 2871; x_wconf 78' lang='grc' dir='ltr'>ότι</span> <span class='ocrx_word' id='word_1_141' title='bbox 794 2801 953 2892; x_wconf 75' lang='grc' dir='ltr'>μισογύνης</span> <span class='ocrx_word' id='word_1_142' title='bbox 976 2805 1054 2871; x_wconf 85' lang='grc' dir='ltr'>ἐστίν</span> <span class='ocrx_word' id='word_1_143' title='bbox 1078 2803 1261 2895; x_wconf 86' lang='grc' dir='ltr'>Εὐριπίδης,</span> <span class='ocrx_word' id='word_1_144' title='bbox 1299 2806 1346 2871; x_wconf 58' lang='grc' dir='ltr'>(ἔν</span> <span class='ocrx_word' id='word_1_145' title='bbox 1376 2832 1410 2892; x_wconf 89' lang='grc' dir='ltr'>γε</span> <span class='ocrx_word' id='word_1_146' title='bbox 1437 2808 1503 2880; x_wconf 89' lang='grc' dir='ltr'>ταῖς</span> <span class='ocrx_word' id='word_1_147' title='bbox 1532 2807 1739 2894; x_wconf 78' lang='grc' dir='ltr'>τραγῳδίαις’,</span> <span class='ocrx_word' id='word_1_148' title='bbox 1770 2805 1831 2895; x_wconf 86' lang='grc' dir='ltr'>ἔφη</span> 
     </span>
     <span class='ocr_line' id='line_1_18' title="bbox 483 2923 1295 3016; baseline 0.001 -24"><span class='ocrx_word' id='word_1_149' title='bbox 483 2925 499 2992; x_wconf 80' lang='grc' dir='ltr'>δ</span> <span class='ocrx_word' id='word_1_150' title='bbox 523 2928 691 3015; x_wconf 77' lang='grc' dir='ltr'>Σοφοκλῆς,</span> <span class='ocrx_word' id='word_1_151' title='bbox 721 2926 804 2991; x_wconf 43' lang='grc' dir='ltr'>(ἐπεί</span> <span class='ocrx_word' id='word_1_152' title='bbox 826 2925 858 2991; x_wconf 86' lang='grc' dir='ltr'>ἔν</span> <span class='ocrx_word' id='word_1_153' title='bbox 880 2951 914 3013; x_wconf 88' lang='grc' dir='ltr'>γε</span> <span class='ocrx_word' id='word_1_154' title='bbox 937 2930 974 3014; x_wconf 82' lang='grc' dir='ltr'>τῆ</span> <span class='ocrx_word' id='word_1_155' title='bbox 997 2928 1084 3016; x_wconf 79' lang='grc' dir='ltr'>κλίνη</span> <span class='ocrx_word' id='word_1_156' title='bbox 1108 2923 1295 3015; x_wconf 83' lang='grc' dir='ltr'>φιλογύνης’.</span> 
     </span>
    </p>

    <p class='ocr_par' dir='ltr' id='par_1_4' title="bbox 483 3041 1834 3259">
     <span class='ocr_line' id='line_1_19' title="bbox 570 3041 1834 3137; baseline -0.002 -23"><span class='ocrx_word' id='word_1_157' title='bbox 570 3048 789 3133; x_wconf 84' lang='lat' dir='ltr'>Ath.X111p</span> <span class='ocrx_word' id='word_1_158' title='bbox 820 3048 922 3112; x_wconf 73' lang='lat' dir='ltr'><strong>603ss</strong></span> <span class='ocrx_word' id='word_1_159' title='bbox 953 3051 1130 3136; x_wconf 77' lang='grc' dir='ltr'>φιλομεῖραξ</span> <span class='ocrx_word' id='word_1_160' title='bbox 1153 3048 1186 3113; x_wconf 82' lang='grc' dir='ltr'>δὲ</span> <span class='ocrx_word' id='word_1_161' title='bbox 1209 3041 1245 3134; x_wconf 86' lang='grc' dir='ltr'>ῆν</span> <span class='ocrx_word' id='word_1_162' title='bbox 1267 3044 1469 3137; x_wconf 83' lang='grc' dir='ltr'>δΣοφοκλῆς,</span> <span class='ocrx_word' id='word_1_163' title='bbox 1496 3044 1534 3122; x_wconf 82' lang='grc' dir='ltr'>ὡς</span> <span class='ocrx_word' id='word_1_164' title='bbox 1558 3045 1722 3136; x_wconf 83' lang='grc' dir='ltr'>Εὐριπίδης</span> <span class='ocrx_word' id='word_1_165' title='bbox 1745 3051 1834 3135; x_wconf 89' lang='grc' dir='ltr'>φιλο-</span> 
     </span>
     <span class='ocr_line' id='line_1_20' title="bbox 483 3164 1833 3259; baseline -0.003 -23"><span class='ocrx_word' id='word_1_166' title='bbox 483 3165 585 3257; x_wconf 85' lang='grc' dir='ltr'>γύνης.</span> <span class='ocrx_word' id='word_1_167' title='bbox 630 3169 718 3235; x_wconf 84' lang='lat' dir='ltr'>Stob.</span> <span class='ocrx_word' id='word_1_168' title='bbox 745 3169 976 3234; x_wconf 81' lang='lat' dir='ltr'>Florit.V13o</span> <span class='ocrx_word' id='word_1_169' title='bbox 1000 3172 1114 3235; x_wconf 84' lang='grc' dir='ltr'>ἐκτῶν</span> <span class='ocrx_word' id='word_1_170' title='bbox 1138 3165 1284 3258; x_wconf 84' lang='grc' dir='ltr'>Σερῆνου.</span> <span class='ocrx_word' id='word_1_171' title='bbox 1323 3167 1391 3259; x_wconf 87' lang='grc' dir='ltr'>περί</span> <span class='ocrx_word' id='word_1_172' title='bbox 1414 3167 1577 3258; x_wconf 74' lang='grc' dir='ltr'>Εὐριπίδου</span> <span class='ocrx_word' id='word_1_173' title='bbox 1599 3195 1642 3243; x_wconf 87' lang='grc' dir='ltr'>τις</span> <span class='ocrx_word' id='word_1_174' title='bbox 1665 3169 1766 3257; x_wconf 86' lang='grc' dir='ltr'>ἔλεγεν</span> <span class='ocrx_word' id='word_1_175' title='bbox 1788 3164 1833 3234; x_wconf 79' lang='grc' dir='ltr'>ότι</span> 
     </span>
    </p>
   </div>
   <div class='ocr_carea' id='block_1_4' title="bbox 485 3285 1638 3397">
    <p class='ocr_par' dir='ltr' id='par_1_5' title="bbox 485 3285 1638 3397">
     <span class='ocr_line' id='line_1_21' title="bbox 485 3285 1638 3397; baseline -0.01 -33"><span class='ocrx_word' id='word_1_176' title='bbox 485 3285 645 3378; x_wconf 71' lang='grc' dir='ltr'>μισογύνης</span> <span class='ocrx_word' id='word_1_177' title='bbox 668 3287 734 3376; x_wconf 81' lang='grc' dir='ltr'>εἴη·</span> <span class='ocrx_word' id='word_1_178' title='bbox 781 3288 832 3354; x_wconf 78' lang='grc' dir='ltr'>καί</span> <span class='ocrx_word' id='word_1_179' title='bbox 855 3287 870 3355; x_wconf 80' lang='grc' dir='ltr'>ὀ</span> <span class='ocrx_word' id='word_1_180' title='bbox 895 3289 1052 3397; x_wconf 75' lang='grc' dir='ltr'>Σοφοκλῆς</span> <span class='ocrx_word' id='word_1_181' title='bbox 1079 3288 1167 3357; x_wconf 70' lang='grc' dir='ltr'>ιἀλλ’</span> <span class='ocrx_word' id='word_1_182' title='bbox 1195 3289 1251 3358; x_wconf 80' lang='grc' dir='ltr'>οὐκ</span> <span class='ocrx_word' id='word_1_183' title='bbox 1272 3291 1304 3356; x_wconf 85' lang='grc' dir='ltr'>ἔν</span> <span class='ocrx_word' id='word_1_184' title='bbox 1327 3318 1361 3378; x_wconf 82' lang='grc' dir='ltr'>γε</span> <span class='ocrx_word' id='word_1_185' title='bbox 1384 3296 1421 3378; x_wconf 75' lang='grc' dir='ltr'>τη</span> <span class='ocrx_word' id='word_1_186' title='bbox 1444 3292 1544 3378; x_wconf 77' lang='grc' dir='ltr'>κλίνη’</span> <span class='ocrx_word' id='word_1_187' title='bbox 1568 3290 1638 3379; x_wconf 79' lang='grc' dir='ltr'>ἔφη.</span> 
     </span>
    </p>
   </div>
   <div class='ocr_carea' id='block_1_5' title="bbox 485 3528 1837 5092">
    <p class='ocr_par' dir='ltr' id='par_1_6' title="bbox 485 3528 1837 4956">
     <span class='ocr_line' id='line_1_22' title="bbox 573 3528 1835 3621; baseline -0.002 -21"><span class='ocrx_word' id='word_1_188' title='bbox 573 3532 644 3600; x_wconf 92' lang='lat' dir='ltr'>VII.</span> <span class='ocrx_word' id='word_1_189' title='bbox 670 3531 744 3598; x_wconf 82' lang='lat' dir='ltr'>Ath.</span> <span class='ocrx_word' id='word_1_190' title='bbox 762 3532 843 3596; x_wconf 90' lang='lat' dir='ltr'>XIII</span> <span class='ocrx_word' id='word_1_191' title='bbox 866 3553 897 3616; x_wconf 90' lang='lat' dir='ltr'>p.</span> <span class='ocrx_word' id='word_1_192' title='bbox 917 3533 1021 3597; x_wconf 75' lang='lat'>6041)</span> <span class='ocrx_word' id='word_1_193' title='bbox 1053 3530 1104 3599; x_wconf 89' lang='grc' dir='ltr'>καί</span> <span class='ocrx_word' id='word_1_194' title='bbox 1120 3529 1303 3621; x_wconf 79' lang='grc' dir='ltr'>Ἱερώνυμος</span> <span class='ocrx_word' id='word_1_195' title='bbox 1326 3530 1354 3598; x_wconf 89' lang='grc' dir='ltr'>δ’</span> <span class='ocrx_word' id='word_1_196' title='bbox 1383 3528 1540 3606; x_wconf 64' lang='grc' dir='ltr'>ὀῬόδιος</span> <span class='ocrx_word' id='word_1_197' title='bbox 1563 3536 1601 3599; x_wconf 85' lang='grc' dir='ltr'>ἐν</span> <span class='ocrx_word' id='word_1_198' title='bbox 1624 3535 1705 3606; x_wconf 86' lang='grc' dir='ltr'>τοῖς</span> <span class='ocrx_word' id='word_1_199' title='bbox 1730 3535 1835 3598; x_wconf 83' lang='grc' dir='ltr'>ίστο·</span> 
     </span>
     <span class='ocr_line' id='line_1_23' title="bbox 486 3646 1834 3743; baseline -0.002 -23"><span class='ocrx_word' id='word_1_200' title='bbox 486 3657 616 3743; x_wconf 86' lang='grc' dir='ltr'>ρικοῖς·</span> <span class='ocrx_word' id='word_1_201' title='bbox 646 3648 898 3739; x_wconf 79' lang='grc' dir='ltr'>ὐπομνῆμασί</span> <span class='ocrx_word' id='word_1_202' title='bbox 935 3679 1025 3743; x_wconf 85' lang='grc' dir='ltr'>φησιν</span> <span class='ocrx_word' id='word_1_203' title='bbox 1059 3646 1105 3720; x_wconf 83' lang='grc' dir='ltr'>ότι</span> <span class='ocrx_word' id='word_1_204' title='bbox 1140 3655 1297 3743; x_wconf 78' lang='grc' dir='ltr'>Σοφοκλῆς</span> <span class='ocrx_word' id='word_1_205' title='bbox 1331 3651 1465 3741; x_wconf 78' lang='grc' dir='ltr'>εὐπρεπῆ</span> <span class='ocrx_word' id='word_1_206' title='bbox 1498 3656 1593 3719; x_wconf 90' lang='grc' dir='ltr'>παῖδα</span> <span class='ocrx_word' id='word_1_207' title='bbox 1627 3654 1683 3726; x_wconf 82' lang='grc' dir='ltr'>ἔξω</span> <span class='ocrx_word' id='word_1_208' title='bbox 1716 3655 1834 3741; x_wconf 85' lang='grc' dir='ltr'>τείχους</span> 
     </span>
     <span class='ocr_line' id='line_1_24' title="bbox 486 3769 1835 3863; baseline -0.003 -21"><span class='ocrx_word' id='word_1_209' title='bbox 486 3772 624 3863; x_wconf 84' lang='grc' dir='ltr'>άπῆγαγε</span> <span class='ocrx_word' id='word_1_210' title='bbox 652 3769 839 3863; x_wconf 82' lang='grc' dir='ltr'>χρησόμενος</span> <span class='ocrx_word' id='word_1_211' title='bbox 870 3769 964 3862; x_wconf 82' lang='grc' dir='ltr'>αὐτῷ.</span> <span class='ocrx_word' id='word_1_212' title='bbox 1017 3771 1033 3839; x_wconf 85' lang='grc' dir='ltr'>δ</span> <span class='ocrx_word' id='word_1_213' title='bbox 1062 3775 1115 3861; x_wconf 82' lang='grc' dir='ltr'>μέν</span> <span class='ocrx_word' id='word_1_214' title='bbox 1145 3769 1197 3841; x_wconf 85' lang='grc' dir='ltr'>οὐν</span> <span class='ocrx_word' id='word_1_215' title='bbox 1226 3778 1296 3850; x_wconf 87' lang='grc' dir='ltr'>παῖς</span> <span class='ocrx_word' id='word_1_216' title='bbox 1323 3772 1356 3840; x_wconf 86' lang='grc' dir='ltr'>τὸ</span> <span class='ocrx_word' id='word_1_217' title='bbox 1386 3773 1461 3840; x_wconf 83' lang='grc' dir='ltr'>ἴδιον</span> <span class='ocrx_word' id='word_1_218' title='bbox 1491 3770 1606 3860; x_wconf 87' lang='grc' dir='ltr'>ἱμάτιον</span> <span class='ocrx_word' id='word_1_219' title='bbox 1630 3773 1678 3840; x_wconf 87' lang='grc' dir='ltr'>έπί</span> <span class='ocrx_word' id='word_1_220' title='bbox 1708 3781 1745 3862; x_wconf 77' lang='grc' dir='ltr'>τῆ</span> <span class='ocrx_word' id='word_1_221' title='bbox 1774 3771 1835 3860; x_wconf 78' lang='grc' dir='ltr'>πόιγ</span> 
     </span>
     <span class='ocr_line' id='line_1_25' title="bbox 485 3886 1835 3985; baseline -0.002 -22"><span class='ocrx_word' id='word_1_222' title='bbox 485 3895 672 3985; x_wconf 70' lang='grc' dir='ltr'>ὑπέστρωσε,</span> <span class='ocrx_word' id='word_1_223' title='bbox 708 3891 763 3981; x_wconf 83' lang='grc' dir='ltr'>τῆν</span> <span class='ocrx_word' id='word_1_224' title='bbox 798 3893 831 3959; x_wconf 83' lang='grc' dir='ltr'>δὲ</span> <span class='ocrx_word' id='word_1_225' title='bbox 864 3899 916 3961; x_wconf 83' lang='grc' dir='ltr'>τοῦ</span> <span class='ocrx_word' id='word_1_226' title='bbox 947 3896 1138 3983; x_wconf 79' lang='grc' dir='ltr'>Σοφοκλέους</span> <span class='ocrx_word' id='word_1_227' title='bbox 1171 3898 1301 3984; x_wconf 84' lang='grc' dir='ltr'>χλανίδα</span> <span class='ocrx_word' id='word_1_228' title='bbox 1328 3892 1550 3984; x_wconf 83' lang='grc' dir='ltr'>περιεβάλοντο.</span> <span class='ocrx_word' id='word_1_229' title='bbox 1604 3893 1667 3981; x_wconf 86' lang='grc' dir='ltr'>μετ’</span> <span class='ocrx_word' id='word_1_230' title='bbox 1701 3886 1752 3961; x_wconf 82' lang='grc' dir='ltr'>οὐν</span> <span class='ocrx_word' id='word_1_231' title='bbox 1781 3893 1835 3982; x_wconf 85' lang='grc' dir='ltr'>τῆν</span> 
     </span>
     <span class='ocr_line' id='line_1_26' title="bbox 486 4011 1835 4106; baseline -0.001 -22"><span class='ocrx_word' id='word_1_232' title='bbox 486 4015 607 4104; x_wconf 80' lang='grc' dir='ltr'>ὁμιλίαν</span> <span class='ocrx_word' id='word_1_233' title='bbox 629 4012 646 4082; x_wconf 84' lang='grc' dir='ltr'>δ</span> <span class='ocrx_word' id='word_1_234' title='bbox 668 4018 739 4090; x_wconf 89' lang='grc' dir='ltr'>παῖς</span> <span class='ocrx_word' id='word_1_235' title='bbox 762 4011 901 4104; x_wconf 81' lang='grc' dir='ltr'>ἁρπάσας</span> <span class='ocrx_word' id='word_1_236' title='bbox 922 4012 955 4082; x_wconf 86' lang='grc' dir='ltr'>τὸ</span> <span class='ocrx_word' id='word_1_237' title='bbox 978 4023 1030 4083; x_wconf 79' lang='grc' dir='ltr'>τοῦ</span> <span class='ocrx_word' id='word_1_238' title='bbox 1054 4018 1244 4105; x_wconf 83' lang='grc' dir='ltr'>Σοφοκλέους</span> <span class='ocrx_word' id='word_1_239' title='bbox 1266 4018 1420 4105; x_wconf 85' lang='grc' dir='ltr'>χλανίδιον</span> <span class='ocrx_word' id='word_1_240' title='bbox 1451 4011 1564 4106; x_wconf 75' lang='grc' dir='ltr'>ᾤχετο,</span> <span class='ocrx_word' id='word_1_241' title='bbox 1598 4015 1770 4083; x_wconf 79' lang='grc' dir='ltr'>καταλιπων</span> <span class='ocrx_word' id='word_1_242' title='bbox 1793 4023 1835 4105; x_wconf 85' lang='grc' dir='ltr'>τῷ</span> 
     </span>
     <span class='ocr_line' id='line_1_27' title="bbox 486 4133 1837 4227; baseline -0.001 -22"><span class='ocrx_word' id='word_1_243' title='bbox 486 4139 636 4227; x_wconf 83' lang='grc' dir='ltr'>Σοφοκλεῖ</span> <span class='ocrx_word' id='word_1_244' title='bbox 657 4133 690 4202; x_wconf 84' lang='grc' dir='ltr'>τὸ</span> <span class='ocrx_word' id='word_1_245' title='bbox 714 4139 823 4203; x_wconf 80' lang='grc' dir='ltr'>ἑαυτοῦ</span> <span class='ocrx_word' id='word_1_246' title='bbox 845 4134 985 4203; x_wconf 83' lang='grc' dir='ltr'>παιδικὸν</span> <span class='ocrx_word' id='word_1_247' title='bbox 1010 4135 1137 4226; x_wconf 82' lang='grc' dir='ltr'>ἱμάτιον.</span> <span class='ocrx_word' id='word_1_248' title='bbox 1185 4137 1236 4204; x_wconf 81' lang='grc' dir='ltr'>οἶα</span> <span class='ocrx_word' id='word_1_249' title='bbox 1267 4139 1300 4205; x_wconf 86' lang='grc' dir='ltr'>δὲ</span> <span class='ocrx_word' id='word_1_250' title='bbox 1323 4135 1402 4212; x_wconf 84' lang='grc' dir='ltr'>εἰκὸς</span> <span class='ocrx_word' id='word_1_251' title='bbox 1426 4141 1663 4226; x_wconf 77' lang='grc' dir='ltr'>διαλαληθέντος</span> <span class='ocrx_word' id='word_1_252' title='bbox 1685 4144 1737 4204; x_wconf 80' lang='grc' dir='ltr'>τοῦ</span> <span class='ocrx_word' id='word_1_253' title='bbox 1761 4165 1837 4224; x_wconf 89' lang='grc' dir='ltr'>συμ-</span> 
     </span>
     <span class='ocr_line' id='line_1_28' title="bbox 490 4254 1836 4349; baseline -0.001 -23"><span class='ocrx_word' id='word_1_254' title='bbox 490 4259 653 4349; x_wconf 84' lang='grc' dir='ltr'>βεβηκότος</span> <span class='ocrx_word' id='word_1_255' title='bbox 677 4254 842 4346; x_wconf 85' lang='grc' dir='ltr'>Εὐριπίδης</span> <span class='ocrx_word' id='word_1_256' title='bbox 870 4258 1040 4346; x_wconf 89' lang='grc' dir='ltr'>πυθόμενος</span> <span class='ocrx_word' id='word_1_257' title='bbox 1068 4259 1120 4326; x_wconf 86' lang='grc' dir='ltr'>καί</span> <span class='ocrx_word' id='word_1_258' title='bbox 1151 4256 1347 4332; x_wconf 73' lang='grc' dir='ltr'>ἐπιτωθάζων</span> <span class='ocrx_word' id='word_1_259' title='bbox 1376 4256 1408 4326; x_wconf 83' lang='grc' dir='ltr'>τὸ</span> <span class='ocrx_word' id='word_1_260' title='bbox 1438 4258 1557 4348; x_wconf 83' lang='grc' dir='ltr'>γεγονὸς</span> <span class='ocrx_word' id='word_1_261' title='bbox 1579 4259 1630 4326; x_wconf 87' lang='grc' dir='ltr'>καί</span> <span class='ocrx_word' id='word_1_262' title='bbox 1654 4255 1743 4333; x_wconf 90' lang='grc' dir='ltr'>αὐτός</span> <span class='ocrx_word' id='word_1_263' title='bbox 1764 4284 1836 4324; x_wconf 89' lang='grc' dir='ltr'>ποτε</span> 
     </span>
     <span class='ocr_line' id='line_1_29' title="bbox 486 4375 1836 4471; baseline -0.001 -23"><span class='ocrx_word' id='word_1_264' title='bbox 486 4382 546 4471; x_wconf 85' lang='grc' dir='ltr'>ἔφη</span> <span class='ocrx_word' id='word_1_265' title='bbox 568 4375 665 4469; x_wconf 85' lang='grc' dir='ltr'>τοότιρ</span> <span class='ocrx_word' id='word_1_266' title='bbox 687 4380 859 4469; x_wconf 84' lang='grc' dir='ltr'>κεχρῆσθαι</span> <span class='ocrx_word' id='word_1_267' title='bbox 880 4385 924 4470; x_wconf 78' lang='grc' dir='ltr'>τῷ</span> <span class='ocrx_word' id='word_1_268' title='bbox 944 4381 1030 4447; x_wconf 85' lang='grc' dir='ltr'>παιδί</span> <span class='ocrx_word' id='word_1_269' title='bbox 1054 4377 1133 4447; x_wconf 81' lang='grc' dir='ltr'>ἀλλὰ</span> <span class='ocrx_word' id='word_1_270' title='bbox 1156 4381 1249 4468; x_wconf 81' lang='grc' dir='ltr'>μηδὲν</span> <span class='ocrx_word' id='word_1_271' title='bbox 1271 4383 1459 4469; x_wconf 87' lang='grc' dir='ltr'>προσθεῖναι,</span> <span class='ocrx_word' id='word_1_272' title='bbox 1485 4379 1534 4447; x_wconf 86' lang='grc' dir='ltr'>τὸν</span> <span class='ocrx_word' id='word_1_273' title='bbox 1555 4381 1587 4447; x_wconf 82' lang='grc' dir='ltr'>δὲ</span> <span class='ocrx_word' id='word_1_274' title='bbox 1604 4382 1761 4469; x_wconf 86' lang='grc' dir='ltr'>Σοφοκλέα</span> <span class='ocrx_word' id='word_1_275' title='bbox 1785 4379 1836 4446; x_wconf 84' lang='grc' dir='ltr'>διὰ</span> 
     </span>
     <span class='ocr_line' id='line_1_30' title="bbox 486 4499 1836 4591; baseline -0.002 -22"><span class='ocrx_word' id='word_1_276' title='bbox 486 4502 539 4591; x_wconf 83' lang='grc' dir='ltr'>τῆν</span> <span class='ocrx_word' id='word_1_277' title='bbox 569 4499 736 4569; x_wconf 81' lang='grc' dir='ltr'>ἀκολασίαν</span> <span class='ocrx_word' id='word_1_278' title='bbox 759 4502 1029 4590; x_wconf 84' lang='grc' dir='ltr'>καταφρονηθῆναι</span> <span class='ocrx_word' id='word_1_279' title='bbox 1064 4504 1337 4590; x_wconf 86' lang='grc' dir='ltr'>(κατασοφισθῆναι</span> <span class='ocrx_word' id='word_1_280' title='bbox 1365 4505 1418 4570; x_wconf 86' lang='lat' dir='ltr'>vcl</span> <span class='ocrx_word' id='word_1_281' title='bbox 1448 4503 1552 4571; x_wconf 82' lang='lat' dir='ltr'>simile</span> <span class='ocrx_word' id='word_1_282' title='bbox 1580 4502 1656 4588; x_wconf 84' lang='lat' dir='ltr'>quid</span> <span class='ocrx_word' id='word_1_283' title='bbox 1680 4503 1744 4587; x_wconf 79' lang='lat' dir='ltr'>legi</span> <span class='ocrx_word' id='word_1_284' title='bbox 1768 4503 1836 4568; x_wconf 82' lang='lat' dir='ltr'>vult</span> 
     </span>
     <span class='ocr_line' id='line_1_31' title="bbox 487 4613 1832 4712; baseline -0.001 -22"><span class='ocrx_word' id='word_1_285' title='bbox 487 4625 663 4708; x_wconf 82' lang='lat' dir='ltr'>Meineke).</span> <span class='ocrx_word' id='word_1_286' title='bbox 703 4622 754 4688; x_wconf 88' lang='grc' dir='ltr'>καί</span> <span class='ocrx_word' id='word_1_287' title='bbox 777 4618 794 4687; x_wconf 86' lang='grc' dir='ltr'>δ</span> <span class='ocrx_word' id='word_1_288' title='bbox 816 4622 974 4711; x_wconf 86' lang='grc' dir='ltr'>Σοφοκλῆς</span> <span class='ocrx_word' id='word_1_289' title='bbox 997 4619 1129 4697; x_wconf 79' lang='grc' dir='ltr'>άκοότας</span> <span class='ocrx_word' id='word_1_290' title='bbox 1152 4625 1290 4710; x_wconf 84' lang='grc' dir='ltr'>ἐποίησεν</span> <span class='ocrx_word' id='word_1_291' title='bbox 1313 4626 1356 4698; x_wconf 86' lang='grc' dir='ltr'>είς</span> <span class='ocrx_word' id='word_1_292' title='bbox 1380 4621 1467 4690; x_wconf 86' lang='grc' dir='ltr'>αὐτὸν</span> <span class='ocrx_word' id='word_1_293' title='bbox 1491 4629 1623 4690; x_wconf 76' lang='grc' dir='ltr'>τοιοῦτον</span> <span class='ocrx_word' id='word_1_294' title='bbox 1646 4613 1832 4712; x_wconf 87' lang='grc' dir='ltr'>ἐπίγραμμα,</span> 
     </span>
     <span class='ocr_line' id='line_1_32' title="bbox 486 4740 1833 4835; baseline -0.002 -23"><span class='ocrx_word' id='word_1_295' title='bbox 486 4741 677 4835; x_wconf 86' lang='grc' dir='ltr'>χρησάμενος</span> <span class='ocrx_word' id='word_1_296' title='bbox 699 4749 742 4833; x_wconf 82' lang='grc' dir='ltr'>τῷ</span> <span class='ocrx_word' id='word_1_297' title='bbox 763 4741 830 4831; x_wconf 82' lang='grc' dir='ltr'>περί</span> <span class='ocrx_word' id='word_1_298' title='bbox 852 4750 904 4810; x_wconf 75' lang='grc' dir='ltr'>τοῦ</span> <span class='ocrx_word' id='word_1_299' title='bbox 927 4740 1088 4831; x_wconf 80' lang='grc' dir='ltr'>ἡλίουκαὶ</span> <span class='ocrx_word' id='word_1_300' title='bbox 1120 4745 1226 4833; x_wconf 81' lang='grc' dir='ltr'>βορέου</span> <span class='ocrx_word' id='word_1_301' title='bbox 1250 4741 1331 4833; x_wconf 89' lang='grc' dir='ltr'>λόγιμ</span> <span class='ocrx_word' id='word_1_302' title='bbox 1354 4745 1405 4811; x_wconf 89' lang='grc' dir='ltr'>καί</span> <span class='ocrx_word' id='word_1_303' title='bbox 1427 4743 1461 4811; x_wconf 85' lang='grc' dir='ltr'>τὸ</span> <span class='ocrx_word' id='word_1_304' title='bbox 1482 4743 1555 4834; x_wconf 89' lang='grc' dir='ltr'>πρύς</span> <span class='ocrx_word' id='word_1_305' title='bbox 1579 4747 1717 4833; x_wconf 87' lang='grc' dir='ltr'>μοιχείαν</span> <span class='ocrx_word' id='word_1_306' title='bbox 1741 4742 1833 4810; x_wconf 78' lang='grc' dir='ltr'>αὐτοῦ</span> 
     </span>
     <span class='ocr_line' id='line_1_33' title="bbox 486 4862 767 4956; baseline -0.011 -22"><span class='ocrx_word' id='word_1_307' title='bbox 486 4862 767 4956; x_wconf 86' lang='grc' dir='ltr'>παραινιττόμενος·</span> 
     </span>
    </p>

    <p class='ocr_par' dir='ltr' id='par_1_7' title="bbox 716 4995 1573 5092">
     <span class='ocr_line' id='line_1_34' title="bbox 716 4995 1573 5092; baseline -0.001 -23"><span class='ocrx_word' id='word_1_308' title='bbox 716 4995 803 5090; x_wconf 80' lang='grc' dir='ltr'>ῆλιος</span> <span class='ocrx_word' id='word_1_309' title='bbox 824 4995 872 5089; x_wconf 86' lang='grc' dir='ltr'>ῆν,</span> <span class='ocrx_word' id='word_1_310' title='bbox 900 4999 935 5069; x_wconf 91' lang='grc' dir='ltr'>οὐ</span> <span class='ocrx_word' id='word_1_311' title='bbox 957 5005 1039 5088; x_wconf 86' lang='grc' dir='ltr'>παῖς,</span> <span class='ocrx_word' id='word_1_312' title='bbox 1066 4999 1225 5092; x_wconf 77' lang='grc' dir='ltr'>Εὐριπίδη,</span> <span class='ocrx_word' id='word_1_313' title='bbox 1250 4995 1285 5078; x_wconf 81' lang='grc' dir='ltr'>ός</span> <span class='ocrx_word' id='word_1_314' title='bbox 1308 5031 1344 5091; x_wconf 87' lang='grc' dir='ltr'>με</span> <span class='ocrx_word' id='word_1_315' title='bbox 1368 5005 1513 5092; x_wconf 90' lang='grc' dir='ltr'>χλιαίνων</span> <span class='ocrx_word' id='word_1_316' title='bbox 1567 4997 1573 5012; x_wconf 66' lang='grc'><em>’</em></span> 
     </span>
    </p>
   </div>
   <div class='ocr_carea' id='block_1_6' title="bbox 760 5102 1473 5199">
    <p class='ocr_par' dir='ltr' id='par_1_8' title="bbox 760 5102 1473 5199">
     <span class='ocr_line' id='line_1_35' title="bbox 760 5102 1473 5199; baseline 0.003 -27"><span class='ocrx_word' id='word_1_317' title='bbox 760 5102 869 5199; x_wconf 81' lang='grc' dir='ltr'>γυμνόν</span> <span class='ocrx_word' id='word_1_318' title='bbox 892 5108 1050 5197; x_wconf 78' lang='grc' dir='ltr'>ἐποίησεν·</span> <span class='ocrx_word' id='word_1_319' title='bbox 1077 5109 1123 5174; x_wconf 87' lang='grc' dir='ltr'>σοί</span> <span class='ocrx_word' id='word_1_320' title='bbox 1146 5109 1180 5175; x_wconf 85' lang='grc' dir='ltr'>δὲ</span> <span class='ocrx_word' id='word_1_321' title='bbox 1202 5105 1342 5198; x_wconf 79' lang='grc' dir='ltr'>φιλοῦνθ’</span> <span class='ocrx_word' id='word_1_322' title='bbox 1369 5110 1473 5198; x_wconf 85' lang='grc' dir='ltr'>έτέραν</span> 
     </span>
    </p>
   </div>
   <div class='ocr_carea' id='block_1_7' title="bbox 0 0 2077 6240">
    <p class='ocr_par' dir='ltr' id='par_1_9' title="bbox 0 0 2077 6240">
     <span class='ocr_line' id='line_1_36' title="bbox 0 0 2077 6240; baseline 0 0"><span class='ocrx_word' id='word_1_323' title='bbox 0 0 2077 6240; x_wconf 95' lang='lat' dir='ltr'> </span> 
     </span>
    </p>
   </div>
  </div>
 </body>
</html>
