4206 6248
549 649 588 708 54
771 698 775 707 .
1039 650 1084 703 W.
1105 649 1401 706 DI'PTENBERGER

548 843 583 903 11
605 837 670 902 11116
692 838 819 923 oppidis
841 838 1054 905 Charidemus
1076 840 1205 924 quidem
1229 841 1410 925 excederet,
1439 842 1512 927 ipsa
1534 862 1609 907 vero
1632 841 1781 906 libertate
1803 831 1891 904 frue-

516 963 522 976 ·
548 965 657 1025 161111·
679 965 711 1024 61
733 980 803 1025 cum
826 960 1077 1027 Atheniensibus
1099 961 1213 1027 foedus
1228 962 1367 1028 inirent?
1403 963 1465 1042 Qui
1480 961 1686 1049 reputaverit,
1712 982 1808 1045 quam
1824 967 1892 1025 tur-

548 1080 644 1145 batus
666 1080 723 1145 illo
744 1066 888 1166 ternpore
910 1082 1037 1167 imperii
1059 1083 1180 1148 Persici
1202 1090 1314 1166 status,
1342 1091 1462 1167 quanta
1484 1091 1567 1165 tum,
1597 1089 1672 1147 ante
1693 1082 1814 1147 bellum
1839 1101 1891 1146 so-

549 1200 647 1281 ciale,
680 1208 754 1268 ante
777 1203 995 1288 Amphipolim
1018 1224 1038 1268 a
1060 1204 1209 1290 Philippo
1232 1211 1376 1289 captam,
1410 1205 1507 1271 etiam
1529 1204 1626 1270 fuerit
1646 1202 1889 1268 Atheniensium

548 1323 691 1407 potentia
713 1331 770 1391 aut
791 1333 876 1391 certe
898 1324 1060 1410 potentiae
1083 1325 1206 1409 opinio,
1240 1325 1268 1390 is
1296 1346 1400 1409 neque
1422 1325 1616 1390 Artabazum
1642 1323 1784 1389 adventu
1807 1324 1891 1388 clas-

549 1443 594 1508 sis
616 1444 742 1511 Atticae
765 1445 807 1511 ad
829 1447 911 1512 tales
933 1445 1136 1511 condiciones
1159 1445 1354 1512 descendere
1378 1452 1520 1511 coactum
1544 1464 1634 1527 esse,
1666 1465 1771 1527 neque
1793 1445 1888 1509 liber-

444 1627 449 1635 .
548 1571 646 1631 tatem
670 1566 858 1651 oppidorum
880 1567 1009 1631 illorum
1032 1588 1090 1651 per
1111 1567 1236 1650 aliquot
1257 1587 1357 1631 annos
1381 1567 1538 1632 mansisse
1553 1565 1730 1631 mirabitur.
1770 1565 1891 1643 Quam-

548 1685 605 1751 diu
627 1687 792 1770 manserit,
818 1708 880 1752 non
904 1694 1036 1770 constat,
1066 1709 1141 1752 narn
1163 1688 1204 1752 ab
1227 1688 1283 1753 illo
1305 1694 1448 1772 tempore
1471 1687 1636 1771 usquead
1659 1685 1835 1751 Alexandri
1858 1685 1890 1749 in

549 1807 660 1872 Asiam
683 1808 852 1873 transitum
880 1808 1015 1889 (Arrian.
1041 1809 1068 1889 1,
1091 1813 1139 1891 11,
1161 1810 1189 1891 7)
1217 1828 1373 1891 nusquam
1397 1807 1481 1892 quod
1505 1807 1604 1873 sciam
1627 1807 1679 1872 llii
1701 1807 1820 1872 mentio
1842 1806 1886 1870 tit.

636 1928 678 1993 At
707 1928 768 1994 etsi
798 1929 887 1994 haud
913 1929 1167 2014 improbabiliter
1194 1928 1272 2012 fingi
1301 1937 1407 2015 potest
1434 1936 1501 1996 turn
1530 1928 1682 2012 temporis
1709 1927 1890 1992 Menelaum

549 2049 756 2134 Cephisodoti
779 2050 880 2114 missu
902 2050 936 2115 in
950 2050 1061 2114 Asiam
1084 2050 1211 2116 venisse
1235 2057 1266 2116 61
1280 2051 1374 2115 Ilium
1398 2057 1433 2114 11
1449 2070 1468 2114 a
1484 2049 1669 2115 Charidemi
1684 2027 1895 2133 occupatione

548 2169 594 2233 ita
608 2169 656 2234 'ab
672 2170 825 2237 Artabazi
848 2170 1014 2236 obsidione
1029 2170 1193 2237 'liberasse
1214 2193 1278 2237 non
1300 2171 1398 2237 armis
1421 2171 1562 2254 quidem,
1589 2169 1647 2235 sed
1669 2169 1746 2234 belli
1765 2168 1891 2233 denun-

547 2289 693 2373 tiatione,
719 2297 841 2373 tamen,
868 2293 944 2376 quia
965 2311 1123 2374 nusquam
1145 2293 1282 2358 traditur
1302 2298 1378 2357 tune
1400 2312 1434 2357 re
1457 2312 1534 2357 vera
1556 2290 1771 2356 Athenienses
1793 2289 1890 2355 Asiae

548 2411 678 2476 minoris
700 2413 797 2478 rebus
820 2432 854 2478 se
876 2413 1111 2497 immiscuisse,
1144 2413 1211 2479 veri
1234 2413 1372 2478 similius
1395 2420 1460 2495 est,
1494 2412 1633 2478 Menelai
1656 2412 1696 2477 de
1718 2410 1890 2475 Iliensibus

547 2532 661 2597 merita
682 2534 723 2598 ad
746 2541 872 2618 tempus
895 2534 1017 2618 aliquot
1037 2534 1131 2600 annis
1153 2535 1313 2600 recentius
1336 2534 1506 2619 pertinere.
1546 2533 1661 2598 Exstat
1680 2531 1764 2596 enirn
1779 2531 1890 2596 titulus

546 2652 671 2719 Atticus
710 2654 755 2735 (O.
782 2655 807 2718 Ι.
834 2655 899 2720 Att.
930 2655 962 2718 ΙΙ
989 2657 1080 2736 108),
1119 2675 1159 2720 ex
1193 2675 1254 2739 quo
1288 2661 1444 2740 appareat
1476 2652 1650 2736 aliquando
1683 2651 1886 2732 Phocionem,

547 2773 687 2839 Charete
696 2800 707 2857 ,·
736 2775 962 2842 Charidemum
993 2796 1064 2841 curn
1095 2777 1237 2842 exercitu
1260 2775 1366 2841 Attico
1389 2774 1510 2840 auxilio
1534 2773 1662 2839 venisse
1685 2772 1795 2839 Oronti
1818 2773 1890 2856 My-

548 2895 616 2960 siae
639 2902 803 2980 satrapae,
838 2916 973 2979 eumque
1004 2917 1042 2962 eo
1071 2904 1138 2963 turn
1168 2897 1282 2962 foedus
1312 2896 1354 2962 ab
1376 2894 1628 2960 Atheniensibus
1656 2895 1775 2959 factum
1803 2913 1887 2959 esse.

547 3015 598 3080 Ad
620 3015 679 3080 hoc
701 3016 822 3081 bellum
846 3035 904 3082 suo
927 3017 995 3083 iure
1018 3018 1244 3084 Boehneekius
1272 3016 1503 3102 (Forscbaapea
1520 3037 1553 3100 p.
1572 3018 1644 3098 726)
1672 3015 1794 3081 rettulit
1816 3036 1890 3079 nar-

547 3136 881 3222 rationemPolyaeni
906 3138 941 3218 V,
970 3142 1004 3201 21
1037 3138 1077 3203 de
1100 3139 1221 3223 proelio
1243 3138 1285 3202 ad
1308 3137 1449 3203 Atarnea
1471 3137 1554 3202 inter
1575 3121 1766 3202 Phocionem
1790 3137 1891 3202 Athe-

546 3257 691 3322 niensem
721 3263 754 3323 et
782 3257 1021 3323 Athenodorum
1051 3260 1104 3342 qui
1133 3259 1233 3342 regiis
1267 3256 1495 3336 mercennariis
1528 3265 1677 3341 praeerat
1708 3259 1887 3323 commisso.

547 3378 617 3456 Quo
639 3385 781 3464 tempore
804 3379 885 3444 haee
906 3385 1000 3462 gesta
1022 3379 1103 3461 sint,
1134 3378 1266 3444 difficile
1289 3383 1339 3443 est
1362 3378 1550 3444 diiudicata.
1597 3378 1691 3456 Quod
1713 3379 1798 3444 enim
1822 3379 1890 3444 veri

547 3499 652 3564 simile
667 3506 721 3564 'ao
749 3520 852 3584 paene
881 3506 1001 3565 eertum
1031 3499 1215 3581 videbatur,
1250 3500 1292 3565 ad
1315 3499 1443 3566 Orontis
1465 3499 1664 3582 aliorumque
1687 3507 1889 3583 satraparum

546 3619 774 3702 delectionem,
809 3641 905 3704 quam
928 3619 1087 3686 Diodorus
1110 3621 1170 3686 XV
1193 3625 1233 3684 90
1257 3619 1395 3684 Molonis
1424 3619 1586 3685 archontis
1613 3641 1697 3685 anno
1724 3622 1825 3706 (terp
1855 3642 1886 3685 a.

547 3741 634 3825 Chr.)
669 3741 794 3823 tribuit,
826 3741 908 3806 haec
937 3741 1096 3826 pertinere
1108 3743 1151 3824 ¹),
1185 3742 1250 3806 iam
1273 3740 1446 3806 refutatum
1470 3747 1536 3822 661,
1562 3746 1730 3825 postquam
1754 3740 1795 3805 (le
1818 3741 1890 3825 ple-

547 3860 653 3927 bisciti
675 3861 764 3926 illius
787 3862 885 3927 Attici
907 3868 1015 3928 aetate
1037 3863 1217 3928 accuratius
1240 3862 1344 3927 edocti
1368 3881 1479 3927 sumus
1501 3882 1522 3926 a
1543 3861 1715 3926 Koehlero.
1757 3862 1789 3926 16
1804 3863 1889 3927 enim

547 4003 620 4048 cum
642 3981 831 4065 fragmentis
854 3983 871 4045 b
894 3990 927 4049 et
941 4007 967 4064 c,
994 4004 1126 4068 quorum
1150 3984 1288 4048 solorum
1305 3982 1530 4048 Boehneclrius
1553 3982 1669 4066 quique
1693 4003 1766 4047 eum
1789 3985 1890 4049 secuti

548 4109 622 4168 sunt
644 4103 798 4168 rationem
820 4104 1016 4186 habuerant,
1050 4104 1251 4169 adiunxisset
1279 4103 1468 4189 particulam
1499 4128 1518 4167 a
1552 4103 1698 4185 (Pittakis
1721 4104 1890 4168 darzeicurte

548 4223 687 4287 Atheneo
710 4244 741 4307 p.
768 4227 842 4287 500.
878 4226 1033 4308 Rangabe
1057 4228 1136 4288 Ant.
1162 4225 1253 4289 Hell.
1280 4228 1376 4307 397),
1410 4243 1467 4289 suo
1490 4223 1558 4289 iure
1580 4224 1742 4290 decretum
1770 4226 1890 4309 ‘neque

548 4344 598 4410 01.
630 4346 688 4408 108
711 4344 871 4409 recentius
892 4352 1022 4430 propter
1043 4346 1311 4430 praescriptorum
1335 4345 1487 4427 formam,
1517 4365 1620 4428 neque
1643 4345 1695 4412 01.
1725 4349 1783 4409 rot
1807 4346 1892 4412 anti-

547 4466 641 4547 quius
664 4472 792 4550 propter
813 4465 967 4531 rationem
991 4466 1165 4531 scribendi’
1185 4466 1350 4531 iudicavit.
1391 4463 1486 4543 Quod
1504 4485 1575 4530 eum
1590 4466 1636 4530 ita
1651 4472 1737 4551 esset
1760 4467 1892 4550 negavit

547 4586 686 4671 amplius
709 4586 920 4652 dubitandum
943 4606 1015 4652 esse
1038 4587 1115 4671 quin
1136 4587 1168 4652 in
1192 4585 1307 4670 fragm.
1334 4592 1354 4649 'a
1377 4607 1426 4652 vs.
1452 4591 1484 4650 11
1516 4586 1589 4651 ΕΝΙ
1618 4586 1889 4652 ΚΑΜΜΑΧΟΥ

634 4831 650 4892 ¹}
672 4829 750 4883 llaec
772 4833 817 4882 ost
835 4828 1008 4882 Boehneekii
1030 4830 1170 4883 sententia
1190 4829 1377 4900 For-solumupen
1396 4846 1422 4897 p.
1445 4830 1508 4890 711,
1536 4844 1618 4899 quam
1642 4828 1727 4883 etiam
1746 4827 1890 4883 Arnoldus

547 4914 682 4970 Sebaefor
701 4914 889 4967 Demosthenes
907 4913 919 4966 l
939 4930 965 4982 p.
983 4915 1028 4963 131
1049 4917 1137 4968 1613
1157 4916 1197 4968 sic
1215 4914 1356 4984 probavit,
1379 4921 1409 4968 ut
1429 4914 1516 4968 verba
1535 4915 1609 4968 tituli
1629 4914 1709 4985 ἐντῷ
1729 4913 1889 4985 Θαργηλιῶνι

547 5003 607 5072 μηνὶ
634 4999 743 5068 (irrugm.
764 4999 871 5055 11616.
892 5001 915 5059 91
942 5001 978 5054 dc
1001 5017 1073 5054 anno
1093 5000 1257 5068 Nicophemi
1280 5000 1424 5054 archontis
1448 5001 1493 5070 qui
1514 5001 1650 5054 hlolonem
1676 5001 1788 5070 excepit
1808 5002 1890 5055 intol-

546 5089 654 5155 legeret
674 5094 777 5141 huense
795 5087 869 5140 11116
889 5089 983 5140 31111.
1004 5087 1060 5141 Chr
1073 5091 1090 5150 1.
1130 5085 1172 5140 Cf.
1195 5088 1278 5140 etiam
1298 5086 1413 5139 Boeckh
1433 5086 1535 5156 Opusc.
1557 5086 1596 5140 Vl
1614 5104 1640 5156 p.
1661 5089 1716 5140 188.
