4118 6240
446 667 504 726 100
1017 659 1050 717 E.
1070 660 1210 718 HILLER

528 852 587 918 xl.
616 857 645 916 1.
690 852 758 919 cie.
783 852 902 919 defin.
927 854 1017 936 113,
1045 856 1064 918 8
1095 862 1218 918 tenesne
1246 853 1361 939 iyitnr,
1393 853 1538 938 inquom,
1571 853 1787 938 Hieronymus

441 971 585 1038 Rhodius
608 974 686 1058 quid
705 974 792 1039 dicat
813 997 879 1039 esse
900 996 1054 1039 summum
1077 976 1205 1051 honum,
1231 996 1292 1059 qno
1309 982 1403 1058 putet
1424 973 1529 1039 omnia
1550 974 1670 1060 refferri
1691 997 1785 1058 opor·
1830 1021 1832 1024 -

442 1097 528 1158 tere?
562 1102 665 1173 teneo,
691 1094 802 1180 inquit,
815 1095 921 1179 finem
942 1095 995 1159 illi
1015 1095 1117 1160 videri
1136 1093 1218 1158 nihil
1237 1095 1352 1160 dolere
1400 1094 1500 1180 quid?
1534 1094 1616 1159 idem
1638 1095 1708 1180 iste,
1734 1095 1784 1158 in-

439 1237 550 1300 quem,
576 1216 615 1279 de
636 1216 796 1298 voluptate
819 1215 895 1300 quid
914 1215 1032 1281 sentit?
1069 1222 1164 1300 neyut
1185 1237 1251 1280 esse
1273 1238 1360 1295 eam,
1386 1216 1499 1301 inquit,
1521 1224 1654 1300 propter
1674 1238 1707 1280 se
1728 1239 1784 1279 er-

432 1336 615 1419 petendam.

525 1460 554 1521 2.
602 1457 647 1524 ib.
674 1462 711 1539 5,
741 1462 780 1523 16
813 1457 844 1521 si
873 1456 956 1522 enim
988 1457 1071 1520 idem
1104 1456 1182 1521 dicit
1219 1456 1398 1543 (Epicurus)
1437 1460 1522 1543 quod
1553 1457 1778 1544 Hieronymus,

437 1577 495 1663 qui
514 1586 615 1643 censet
636 1600 789 1643 summum
812 1579 922 1642 honum
945 1600 1011 1641 esse
1032 1577 1099 1641 sine
1120 1579 1187 1642 ullo
1210 1579 1352 1644 molestia
1373 1579 1489 1657 oioere,
1516 1602 1574 1643 eur
1595 1580 1712 1644 mooolt
1733 1579 1783 1642 di-

436 1721 506 1764 cere
528 1700 719 1783 voluptatem
742 1721 835 1784 qinom
857 1699 1044 1764 vacuitatem
1065 1698 1199 1780 dolorn,
1231 1706 1267 1763 nt
1294 1699 1348 1765 ille
1365 1701 1474 1786 sarit,
1507 1701 1564 1786 qui
1593 1701 1672 1786 quid
1696 1701 1783 1764 dieat
1867 1727 1870 1731 ’

434 1819 614 1905 intelleyit?

523 1946 554 2008 3.
593 1941 637 2008 ib.
656 1944 687 2023 6,
708 1943 748 2004 19
780 1939 875 2004 multi
899 1939 981 2004 enim
1010 1948 1042 2005 et
1068 1939 1178 2025 mayni
1194 1940 1380 2024 philosophi
1399 1940 1477 2006 haee
1498 1941 1610 2008 ultina
1632 1943 1781 2008 honorum

435 2063 542 2127 iuncta
553 2063 708 2149 fecerunt
730 2084 755 2126 e.
775 2083 805 2145 q.
822 2083 847 2125 s.
874 2060 956 2125 idem
967 2060 1105 2148 fecisset
1127 2060 1302 2145 Epicurus,
1327 2061 1358 2126 si
1377 2061 1563 2127 sententiam
1583 2062 1675 2143 hanc,
1701 2086 1782 2149 quae

433 2206 516 2247 nnnc
545 2181 739 2267 Hieronymi
765 2189 827 2261 est,
864 2180 1075 2246 coniunxisset
1102 2204 1172 2246 eum
1202 2181 1365 2266 Aristippi
1390 2191 1493 2249 vetere
1519 2184 1685 2249 sententia.
1732 2185 1784 2249 illi

433 2304 515 2369 enim
535 2304 620 2368 inter
641 2327 674 2367 se
692 2303 896 2378 rhemnona
912 2311 1085 2387 propterea
1099 2303 1232 2388 sinyules
1239 2303 1366 2388 finibus
1387 2312 1520 2369 utuntur
1534 2313 1576 2389 et,
1601 2328 1671 2370 cum
1692 2313 1780 2370 uter-

434 2448 493 2510 qne
519 2427 642 2490 Graece
664 2423 786 2510 eyreyie
815 2424 979 2508 loquatur,
1012 2447 1068 2488 nee
1090 2424 1291 2509 Aristippus,
1325 2425 1382 2510 qni
1409 2425 1600 2509 voluptatem
1626 2449 1779 2491 summm

433 2548 545 2611 honum
566 2545 654 2627 dicit,
680 2545 714 2608 in
736 2544 895 2630 uoluptate
911 2544 1005 2628 ponit
1025 2567 1088 2609 non
1109 2546 1224 2627 dolere,
1250 2568 1350 2632 neque
1365 2546 1589 2632 Hieronymus,
1616 2547 1674 2632 qui
1691 2570 1778 2612 sum-

432 2690 516 2734 mum
540 2668 651 2732 honum
673 2665 786 2731 statuit
806 2688 869 2730 non
891 2666 1004 2743 dolere,
1031 2666 1201 2750 uoluptatis
1222 2667 1346 2732 nomine
1360 2689 1507 2753 umquam
1525 2667 1628 2732 utitur
1643 2691 1706 2752 pro
1721 2669 1779 2734 illa

431 2789 613 2873 indolentia,
640 2788 755 2873 quippe
776 2787 832 2872 qni
851 2810 890 2852 ne
912 2786 946 2852 in
968 2787 1147 2871 expetendis
1169 2788 1294 2873 quidun
1310 2791 1403 2854 rebeus
1417 2797 1559 2854 numeret
1574 2789 1775 2874 voluptatem.

518 2915 549 2974 4.
589 2909 631 2976 ib.
654 2913 704 2992 10,
723 2911 765 2973 32
794 2930 850 2972 nee
873 2915 976 2972 tamen
997 2915 1214 2994 oryumentum
1236 2909 1293 2974 hoe
1316 2909 1475 2994 Epicurus
1497 2935 1517 2975 a
1533 2910 1647 2996 porois
1665 2911 1779 2995 petivit

429 3040 486 3098 aut
507 3031 601 3096 etiam
623 3054 643 3094 a
666 3028 786 3108 hestiis,
818 3051 899 3113 quae
922 3037 1019 3113 putot
1040 3052 1106 3094 esse
1127 3030 1255 3115 specula
1276 3039 1428 3110 naturae,
1459 3039 1495 3095 ut
1523 3031 1641 3097 diceret
1669 3033 1709 3096 ah
1738 3033 1778 3097 iis

428 3155 505 3219 duee
533 3161 648 3218 natura
676 3151 757 3215 hane
791 3150 982 3234 voluptutem
1015 3149 1120 3234 expeti
1149 3150 1232 3216 nihil
1263 3151 1399 3216 dolendi.
1452 3174 1552 3237 neque
1585 3154 1667 3218 enim
1700 3153 1777 3218 leaeo

427 3298 550 3342 movere
567 3280 674 3358 potest
694 3270 868 3356 adpetitum
889 3269 1003 3354 animi,
1035 3294 1091 3337 nec
1116 3272 1217 3337 ullum
1237 3272 1331 3338 hahet
1352 3272 1462 3356 ictum,
1495 3295 1554 3358 quo
1577 3274 1683 3358 pellat
1703 3275 1775 3338 ani-

428 3420 527 3477 mum,
560 3402 662 3460 status
683 3393 734 3458 hie
755 3414 816 3456 non
838 3391 975 3455 dolendi.
1021 3391 1128 3477 itaque
1148 3391 1182 3457 in
1207 3392 1265 3458 hoc
1279 3393 1393 3458 eodem
1409 3402 1523 3477 peceat
1544 3394 1772 3479 Hieronymus.

515 3524 546 3582 5.
586 3516 630 3581 ib.
652 3519 701 3595 11,
720 3518 761 3580 35
795 3513 842 3577 ita
865 3521 928 3577 tres
949 3513 1119 3597 suntflnes
1141 3521 1283 3597 expertes
1304 3513 1485 3595 honestatis,
1510 3537 1591 3579 unus
1613 3516 1778 3601 Aristippi

427 3640 478 3704 oel
498 3636 643 3723 Epicuri,
669 3636 752 3701 alter
773 3634 972 3719 Hieronymi,
1002 3634 1166 3699 Oarnreodi
1186 3634 1307 3700 tertius.

514 3763 544 3824 6.
584 3758 628 3823 ib.
654 3756 774 3842 reliqui
792 3756 855 3821 sihi
874 3756 1097 3839 constiterunt,
1130 3765 1166 3820 ut
1186 3763 1326 3820 ectrerna
1347 3777 1417 3821 eum
1438 3755 1538 3822 initiis
1559 3758 1770 3843 conoenirent,

420 3890 461 3965 ,ut
483 3879 650 3964 Aristippo
673 3877 832 3963 voluptas,
863 3877 1060 3964 Hieronymo
1082 3877 1200 3942 doloris
1222 3876 1379 3960 vacuitas,
1408 3877 1570 3943 Carneadi
1578 3879 1662 3964 frui
1677 3880 1771 3963 prin-

425 4002 517 4087 cipiis
538 3999 737 4065 naturalibus
766 4007 845 4063 esset
873 4007 1056 4064 extremum.
1103 3997 1263 4083 Epicurus
1290 4006 1393 4063 autem
1415 4021 1485 4064 cum
1506 3999 1540 4064 in
1556 3999 1666 4084 primo
1687 4023 1772 4066 eom-

425 4123 621 4193 mendotione
643 4121 834 4205 voluptatem
855 4119 999 4202 dmmset,
1032 4119 1063 4183 si
1086 4141 1170 4200 eam,
1205 4141 1300 4206 quam
1322 4119 1523 4204 Aristippus,
1556 4120 1638 4186 idem
1668 4129 1772 4186 tenere

423 4244 531 4310 deluit
551 4243 696 4308 ultimum
718 4243 877 4324 honorum,
903 4241 988 4326 quod
1008 4240 1082 4316 ille;
1102 4240 1152 4304 sin
1174 4263 1253 4324 eam,
1279 4263 1373 4326 quom
1394 4240 1620 4333 Hieronymus,
1635 4243 1772 4329 fecisset

424 4367 516 4448 idem,
543 4373 578 4429 ut
600 4363 790 4447 voluptatem
812 4361 902 4427 illam
923 4361 957 4425 in
973 4361 1083 4445 prima
1105 4362 1370 4427 commendatione
1386 4372 1529 4447 poneret.

511 4490 542 4550 7.
581 4485 626 4552 ib.
647 4487 697 4565 13,
717 4487 752 4547 41
786 4505 842 4548 nee
865 4505 937 4547 aero
960 4482 1134 4547 audimdm
1156 4482 1382 4569 Hieronymus,
1409 4483 1462 4549 eui
1480 4507 1635 4551 summum
1657 4487 1770 4552 honum

423 4617 470 4673 est
499 4607 597 4690 idem,
630 4606 717 4692 quod
736 4626 790 4669 oos
811 4603 968 4669 interdum
990 4604 1042 4669 oel
1056 4603 1167 4687 potius
1193 4603 1324 4670 nimium
1345 4627 1438 4689 saepe
1459 4606 1580 4689 dicitis,
1612 4608 1696 4673 nihil
1715 4610 1772 4673 do-

423 4730 510 4806 lere;
537 4751 600 4792 non
628 4727 725 4810 enim,
757 4725 788 4789 si
814 4725 932 4790 malum
960 4732 1007 4789 est
1032 4724 1134 4802 dolor,
1164 4748 1272 4792 carere
1295 4750 1330 4791 eo
1356 4727 1440 4791 mulo
1462 4728 1541 4793 sotis
1562 4737 1610 4794 est
1630 4730 1676 4794 od
1696 4730 1771 4793 herne

423 4851 596 4916 oioendum.

508 4974 538 5036 8.
578 4969 623 5036 ib.
641 4969 686 5036 IV
704 4971 754 5052 18,
774 4970 815 5033 49
842 4967 921 5053 quid
939 4988 1043 5032 emises
1064 4990 1115 5033 eos
1136 4991 1201 5033 esse
1212 4969 1377 5055 jacturos,
1404 4969 1460 5055 qui
1477 4970 1600 5036 omnino
1623 4971 1770 5037 uirtutem

421 5117 441 5159 a
464 5091 695 5176 honorumfine
717 5097 970 5176 seyreyooernnt‚
995 5089 1182 5174 Epicurum,
1209 5089 1440 5177 Hieronymum
1463 5114 1489 5157 e.
1509 5116 1540 5180 q.
1558 5115 1583 5158 s.
