4206 6248
503 644 521 702 4
1063 641 1095 695 Ε.
1116 640 1279 697 CURTIUS

502 828 581 893 bant
607 836 734 913 praeter
762 849 877 894 nomen
906 830 1071 914 antiquum
1101 851 1237 914 graecae
1265 830 1464 913 antiquitatis
1494 830 1632 914 vestigia
1657 850 1720 895 non
1742 849 1845 914 pauca

502 949 569 1014 illie
602 968 781 1035 superesse.
833 950 938 1016 Etiam
972 950 1144 1016 Vetulonia
1177 951 1269 1033 urbs,
1307 951 1398 1016 coins
1431 957 1541 1036 portum
1574 957 1643 1017 erat
1675 950 1841 1030 Telamon,

502 1090 694 1153 quamquam
716 1071 827 1156 paullo
849 1070 982 1136 interius
1004 1071 1077 1154 sita,
1105 1071 1180 1136 urbs
1202 1071 1362 1137 maritima
1384 1071 1454 1137 fuit.
1492 1071 1598 1137 'lestis
1613 1078 1662 1137 est
1675 1071 1845 1156 Neptunus

501 1211 623 1256 remum
654 1212 770 1276 gerens
805 1192 882 1274 (vel,
915 1198 950 1256 ut
979 1192 1089 1258 volunt
1110 1192 1184 1274 alii,
1218 1192 1406 1276 Telamon),
1439 1212 1533 1274 quem
1557 1192 1789 1257 Vetulonenses
1811 1190 1844 1255 iu

501 1319 705 1379 monumento
728 1312 937 1377 Lateranensi
962 1320 996 1378 ut
1018 1312 1113 1378 deum
1136 1313 1305 1378 tutelarem
1329 1332 1421 1377 suum
1444 1316 1664 1397 posuerunt¹l.

587 1433 687 1497 Multo
716 1433 812 1498 tutior
841 1441 891 1498 est
918 1433 972 1516 qni
995 1433 1145 1498 Aethalia
1172 1432 1279 1498 insula
1307 1433 1467 1499 clauditur
1494 1440 1603 1517 portus
1633 1432 1840 1517 Populoniae,

501 1574 518 1619 e
549 1554 640 1619 euius
670 1553 834 1619 vicinitate
862 1553 981 1638 prodiit
1003 1553 1161 1637 Apollinis
1191 1561 1297 1620 statua
1318 1575 1439 1635 aenea,
1469 1551 1614 1638 Ἀθαναίᾳ
1637 1548 1764 1618 δεκάταν
1794 1552 1845 1617 in-

501 1674 635 1760 scripta,
670 1674 773 1740 musei
795 1675 933 1740 Parisini
955 1682 1175 1740 ornamentum
1199 1675 1421 1741 clarissimum.
1468 1676 1746 1740 Volaterranorum
1773 1673 1845 1757 qui-

502 1795 574 1861 dem
605 1796 730 1861 colonia
759 1795 924 1861 dicebatur
946 1795 1140 1880 Populonia,
1174 1795 1232 1861 sed
1263 1795 1402 1880 origines
1431 1797 1531 1861 multo
1554 1794 1749 1879 antiquiores
1771 1814 1843 1860 esse

502 1937 595 1983 nemo
618 1917 794 1999 dubitabit,
827 1937 932 1999 neque
956 1916 1114 1982 dubitavit
1135 1916 1285 1997 Servius,
1319 1916 1373 2000 qui
1395 1937 1415 1981 a
1438 1917 1567 1983 Corsica
1589 1915 1748 1981 conditam
1771 1935 1844 1981 esse

502 2037 612 2102 urbem
635 2037 733 2103 refert
742 2039 784 2121 ll:
818 2037 854 2103 id
875 2036 960 2121 quod
981 2038 1046 2102 iam
1069 2037 1208 2102 Lanzius
1230 2037 1276 2102 ita
1296 2037 1523 2122 interpretatus
1545 2044 1611 2119 est,
1644 2043 1680 2102 ut
1701 2036 1845 2101 Phocae-

500 2176 595 2222 enses
624 2157 804 2224 conditores
833 2178 906 2224 esse
936 2158 1057 2224 diceret
1066 2161 1103 2239 ³).
1150 2159 1228 2224 Erat
1256 2166 1363 2224 autem
1394 2178 1471 2243 prae
1494 2158 1609 2224 ueteris
1631 2158 1707 2223 urbs
1730 2156 1840 2240 maris,

501 2271 619 2365 dipteron
644 2274 803 2366 ἀφετήριον
826 2278 875 2344 ἐπὶ
896 2276 948 2352 τὰς
970 2282 1049 2366 τρεῖς
1072 2276 1192 2364 νήσους,
1219 2287 1254 2345 ut
1276 2279 1322 2345 ait
1341 2280 1466 2362 Strab0,
1493 2286 1589 2362 atque
1612 2279 1658 2343 ita
1680 2278 1712 2342 in
1735 2283 1843 2343 centro

500 2399 593 2482 quasi
622 2400 743 2485 posita,
777 2407 812 2465 ut
840 2407 968 2485 praeter
989 2399 1172 2465 Aethaliam
1201 2400 1344 2485 proxime
1374 2398 1575 2489 adiacentem
1606 2405 1638 2463 et
1660 2396 1790 2464 Corsica
1813 2404 1845 2462 et

501 2520 650 2586 Sardinia
664 2527 851 2606 appareant.
893 2520 993 2585 Addit
1014 2520 1100 2585 idem
1124 2521 1220 2586 ctiam
1244 2542 1284 2586 ex
1307 2521 1478 2602 montibus,
1505 2520 1559 2604 qui
1575 2525 1698 2604 portum
1716 2520 1844 2583 Lunen-

499 2660 566 2706 sem
591 2642 737 2725 eingunt,
770 2647 973 2727 prospectum
1003 2661 1105 2723 usque
1128 2641 1169 2706 ad
1193 2641 1375 2706 Sardiniam
1398 2640 1538 2706 extendi.
1586 2639 1842 2723 Diligentissima

499 2761 584 2826 enim
610 2770 740 2828 ¹veteres
762 2762 943 2847 geographi
965 2782 1123 2845 quaenam
1147 2783 1165 2827 e
1188 2762 1326 2847 singulis
1350 2762 1427 2827 locis
1450 2761 1618 2827 maritimis
1641 2761 1693 2826 vel
1715 2760 1842 2825 insulae

498 2883 551 2947 vel
580 2883 794 2968 promontoria
821 2883 960 2968 prospici
992 2883 1131 2968 possint,
1166 2883 1280 2948 afferre
1307 2883 1428 2959 solent,
1461 2882 1537 2964 quia
1559 2883 1669 2967 populi
1691 2881 1842 2946 maritimi

498 3002 559 3069 hoc
580 3003 720 3070 maxime
744 3005 912 3087 curabant,
947 3005 974 3069 si
997 3024 1088 3070 saera
1112 3010 1144 3069 et
1166 3004 1308 3088 emporia
1330 3004 1362 3068 in
1385 3004 1478 3068 litore
1501 3003 1608 3086 aliquo
1630 3002 1844 3067 transmarina

498 3124 654 3190 condituri
677 3132 776 3190 erant.
818 3124 959 3190 Graecos
982 3132 1088 3190 autem
1112 3124 1257 3189 homines
1279 3144 1342 3188 non
1364 3131 1488 3190 tantum
1511 3123 1695 3189 condidisse
1718 3123 1839 3206 urbem,

499 3245 557 3311 sed
585 3245 682 3311 etiam
712 3266 768 3331 per
796 3247 929 3330 longum
959 3253 1085 3330 tempus
1115 3244 1225 3310 sedern
1259 3245 1327 3310 illie
1361 3244 1513 3311 hahuisse
1547 3245 1637 3310 nulla
1670 3265 1703 3309 re
1739 3244 1843 3327 magis

498 3367 651 3451 probatur
673 3387 767 3449 quam
791 3367 952 3432 uberrima
974 3386 1173 3431 nummorum
1197 3372 1230 3431 et
1251 3385 1418 3430 aureorum
1441 3373 1473 3431 et
1493 3372 1717 3448 argenteorum
1745 3365 1839 3443 serie,

497 3487 552 3570 qui
582 3493 614 3552 et
636 3486 790 3570 originem
814 3487 1005 3552 Phocaieam
1028 3486 1247 3552 demonstrant
1270 3494 1302 3552 et
1324 3486 1545 3552 commercium
1570 3506 1640 3551 cum
1665 3485 1842 3551 Athenien-

497 3607 634 3688 sihns⁴J.

583 3729 620 3793 In
643 3728 736 3794 litore
758 3728 844 3812 quod
867 3728 1079 3813 aPopnlonia
1101 3728 1349 3812 septentrionem
1369 3747 1480 3794 versus
1496 3727 1677 3813 porrigitur,
1704 3727 1843 3809 vestigia

464 3851 467 3856 ’
498 3869 616 3933 graeca
637 3856 670 3915 et
691 3848 835 3915 tenuiora
859 3856 987 3915 suntet
1009 3849 1139 3931 rariora,
1166 3867 1359 3933 quamquam
1382 3849 1511 3914 nemina
1533 3868 1616 3932 quae
1639 3869 1679 3913 ex
1702 3847 1843 3932 antiqui-

497 3978 563 4036 tate
590 3970 711 4036 tradita
740 3977 827 4054 sunt,
859 3978 892 4036 et
913 3969 1008 4035 Pisae
1037 3990 1153 4035 nomen
1176 3977 1209 4035 et
1230 3977 1339 4055 portus
1362 3966 1515 4055 Σελήνης,
1549 3970 1628 4035 satis
1651 3971 1787 4054 probant
1808 3968 1843 4033 id

497 4091 582 4175 quod
604 4112 662 4176 per
684 4111 719 4156 se
742 4091 949 4174 intellegitur,
975 4091 1034 4156 hoo
1058 4091 1135 4155 litus
1158 4090 1261 4155 abiis
1284 4090 1452 4173 gentihus,
1478 4110 1562 4174 quae
1584 4111 1643 4175 per
1664 4111 1752 4156 mare
1773 4097 1843 4173 tyr-

498 4212 631 4277 rhenum
655 4212 877 4276 commercium
900 4211 1072 4293 faciebant,
1099 4184 1230 4294 neglegi
1252 4232 1315 4275 non
1338 4210 1491 4294 potuisse.
1541 4211 1607 4277 Sed
1629 4212 1750 4277 alluvie
1773 4231 1843 4274 mu-

497 4332 541 4398 ris
564 4332 683 4398 factum
706 4339 770 4413 est,
804 4339 837 4397 ut
867 4331 944 4396 litus
975 4330 1207 4396 deformaretur
1236 4337 1269 4396 et
1290 4339 1496 4398 monumenta
1518 4332 1546 4396 si
1568 4354 1632 4416 qua
1653 4338 1842 4398 conservata

497 4460 586 4536 sunt,
619 4453 860 4535 obtegerentur;
894 4451 1019 4517 accedit
1047 4450 1132 4535 quod
1160 4451 1193 4515 iu
1222 4457 1288 4517 toto
1317 4452 1409 4518 litore
1432 4453 1503 4517 loca
1526 4451 1659 4535 desunt,
1693 4471 1776 4535 quae
1799 4450 1842 4515 ad

497 4670 701 4681 ψ..-

584 4817 601 4879 1)
623 4815 748 4868 llnseuru
767 4814 817 4867 des
835 4814 957 4868 Lateran
976 4829 1031 4868 von
1050 4811 1317 4868 Benndorf-Sehltno
1336 4831 1363 4868 n.
1384 4816 1444 4868 212.

583 4903 600 4961 b
622 4901 659 4954 ad
678 4899 749 4953 Aen.
771 4898 806 4960 X,
832 4901 886 4952 172.

581 4987 600 5048 ³1
622 4987 702 5052 Ling.
723 4985 784 5039 Etr.
805 4985 892 5039 1171.

581 5073 600 5135 ⁴)
622 5070 794 5133 (lemurum,
824 5072 864 5124 Le
883 5079 992 5124 monete
1012 5071 1089 5124 d'oro
1109 5071 1137 5124 dl
1157 5071 1313 5139 Populonia
1335 5070 1490 5127 (Periodico
1509 5069 1538 5123 di
1557 5067 1758 5123 Numismatiea
1777 5067 1838 5132 vn.
