4452 6384
552 726 764 784 HIERONYMI
781 725 916 782 RHODII
934 723 1203 782 PERIPA'PETICI
1221 716 1456 795 FRAGMENTA
1620 724 1678 788 107

335 914 566 1007 συμβεβηκότα.
597 919 626 984 οἱ
648 917 682 984 δὲ
705 913 876 1003 σαινόμενοι
898 917 959 990 τοῖς
981 915 1153 1003 λεγομένοις
1183 909 1330 1002 ἐδάκρυόν
1352 939 1384 980 τε
1406 913 1457 980 καὶ
1481 905 1607 1002 ᾤμωζον
1629 913 1680 980 καὶ

333 1040 486 1105 ἐπίστευον
509 1038 588 1106 εἶναι
610 1034 659 1104 τὸν
683 1034 867 1125 Πυθαγόραν
892 1036 975 1104 θεῖόν
998 1062 1064 1102 τινα
1086 1039 1150 1102 κτλ.
1197 1036 1369 1102 Praeterea
1391 1041 1540 1120 apparet,
1567 1034 1681 1101 Hiero-

333 1181 466 1246 nymum
488 1142 613 1245 quodue
635 1180 740 1246 nugas
762 1160 838 1226 illus
859 1160 905 1227 ita
923 1165 1046 1226 tantum
1062 1177 1309 1256 commemorem
1323 1154 1478 1241 potuisse,
1505 1162 1540 1222 ot
1553 1156 1594 1222 ab
1608 1155 1679 1241 ipso
1807 1213 1809 1216 .

334 1281 518 1368 Pythagora
540 1283 681 1367 prolutus
704 1301 760 1348 ees
776 1281 876 1348 inisse
892 1280 1023 1347 diceret.
1062 1280 1131 1344 Iam
1154 1284 1266 1362 quarto
1289 1277 1430 1360 soeculo,
1456 1284 1491 1344 ut
1512 1277 1618 1345 oluoet
1639 1297 1680 1344 ox

333 1401 513 1487 fragmento
535 1403 773 1489 Aristophontis
800 1401 888 1489 opud
910 1402 1016 1468 Luert.
1045 1400 1062 1485 §
1082 1400 1141 1484 38,
1167 1398 1368 1485 Pythagoras
1390 1397 1431 1464 de
1454 1397 1602 1466 fabuloso
1624 1397 1680 1464 illo

332 1525 447 1590 itinere
469 1525 623 1590 nonnullo
644 1523 816 1591 memoriae
845 1521 1025 1608 prodidisse
1052 1519 1290 1606 perhibebatur.
1337 1518 1552 1604 Hieronymus
1575 1525 1679 1586 utrum

332 1645 472 1731 ineptius
494 1655 575 1730 ques
597 1666 694 1730 supra
716 1643 873 1728 exscripsi
895 1643 965 1728 ipse
987 1641 1116 1708 tinxerit
1140 1661 1183 1707 un
1204 1641 1246 1707 ub
1268 1639 1343 1707 aliis
1371 1645 1535 1706 mutuatus
1558 1643 1615 1723 sit,
1644 1639 1680 1706 in

332 1765 438 1832 medio
460 1765 617 1850 relinquo.
657 1764 809 1832 Lobeokii
829 1769 938 1830 autem
959 1762 1067 1848 opinio
1095 1762 1264 1847 (Aglaoph.
1281 1781 1313 1847 p.
1333 1761 1424 1845 944),
1450 1760 1680 1846 Hieronymum

333 1905 389 1954 ess
422 1887 600 1972 sumpsisse
633 1907 673 1953 ex
706 1883 974 1972 peregrinationis
1005 1883 1095 1950 iilius
1131 1881 1346 1968 descriptione
1379 1881 1585 1968 Pythagorae
1617 1881 1680 1966 ipsi

332 2007 501 2090 attribute,
534 2007 708 2074 admodum
738 2005 837 2072 dubia
864 2025 937 2072 esse
967 2004 1046 2070 mihi
1074 2003 1209 2070 videtur.
1262 2001 1433 2070 Exstitisse
1463 2003 1580 2069 librum
1610 2001 1680 2068 eius

332 2127 514 2211 argumenti
536 2148 633 2194 uuum
656 2134 770 2194 testem
789 2127 945 2194 habemus
961 2125 1134 2208 Leontium,
1153 2123 1246 2190 ouius
1261 2123 1361 2190 verbe
1375 2123 1457 2190 haee
1472 2129 1547 2190 sunt
1565 2123 1592 2208 (§
1611 2124 1677 2208 tt):

332 2238 410 2314 οθτω
433 2245 461 2314 δ’
489 2243 670 2334 ἐθαυμάσθη
694 2242 768 2314 ὥστ’
794 2247 898 2334 ἔλεγον
926 2243 994 2321 τοὺς
1016 2245 1182 2334 γνωρίμους
1206 2239 1298 2310 αὐτοῦ
1322 2242 1446 2330 μάντιας
1470 2247 1533 2312 θεῶ
1555 2247 1677 2334 φωνὰς·

333 2365 430 2435 ἀλλὰ
464 2369 528 2435 καὶ
565 2366 682 2444 αὐτὸς
716 2371 754 2435 ἐν
788 2374 831 2456 τῇ
864 2373 993 2456 γραφῇ
1027 2391 1124 2455 φησι
1158 2361 1205 2431 δι’
1243 2361 1336 2432 ἑπτὰ
1368 2361 1432 2431 καὶ
1465 2364 1679 2452 διηκοσίων

331 2491 448 2556 ἐτέων
471 2492 511 2563 ἐξ
534 2486 652 2556 <iidem
674 2491 1020 2578 παραγεγενῆσθαι
1047 2489 1088 2562 ἐς
1111 2482 1359 2574 ἀνθρώπους·
1382 2483 1487 2574 τοιγὰρ
1508 2485 1560 2552 καὶ
1581 2511 1680 2574 προσ-

331 2613 511 2700 εκαρτέροον
536 2607 617 2698 αὐτῷ
639 2611 690 2676 καὶ
711 2617 767 2677 τῶν
790 2607 886 2697 λόγων
909 2613 997 2676 ἕνεκα
1019 2603 1190 2697 προσῄεσαν
1213 2603 1263 2674 καὶ
1279 2605 1427 2674 Λευκανοὶ
1450 2607 1501 2673 καὶ
1522 2607 1681 2674 Πευκέτιοι

332 2728 505 2799 Μεσσάπιοί
526 2757 558 2798 τε
580 2732 631 2798 καὶ
648 2728 815 2818 ζΡωμαῖοι.
862 2732 1003 2811 Quorum
1025 2737 1187 2816 postrema
1207 2728 1391 2796 Aristoxeni
1413 2749 1486 2796 esse
1510 2728 1678 2814 eognosoi-

330 2861 381 2921 tur
409 2873 450 2920 ex
472 2854 589 2939 Porph.
614 2853 689 2920 Vite
718 2854 856 2938 Pythug.
883 2855 941 2932 223
982 2871 1058 2917 num
1089 2870 1164 2917 uero
1192 2849 1338 2916 Rohdius
1366 2850 1425 2916 ills
1454 2846 1533 2916 ἀλλὰ
1562 2847 1614 2916 καὶ
1637 2888 1678 2898 -

330 2969 508 3062 ἀνθρώπους
531 2973 636 3041 eidem
658 2981 745 3041 reete
762 2973 944 3040 attribuerit
970 2971 1095 3056 (Rhodo
1115 2973 1201 3036 Mur.
1220 2971 1329 3036 XXVI
1344 2991 1376 3057 p.
1397 2971 1484 3056 558),
1510 2977 1680 3058 propterea

330 3096 455 3179 dubito,
488 3095 564 3180 quia
594 3095 674 3162 huso
703 3094 775 3180 ipsu
803 3094 903 3161 verbe
932 3112 1086 3160 conexum
1116 3091 1347 3159 sententiarum
1369 3091 1450 3158 sotis
1472 3093 1605 3158 moleste
1627 3091 1678 3158 in-

329 3223 525 3302 terrumpere
554 3214 632 3281 mihi
661 3215 821 3282 videntur.
874 3214 998 3281 Ceteris
1025 3212 1105 3278 loois
1134 3212 1189 3279 ubi
1210 3211 1416 3297 Pythagorae
1445 3212 1486 3280 de
1509 3212 1559 3278 his
1582 3212 1678 3278 rebus

327 3337 517 3422 testimonio¹
530 3335 719 3402 adferuntur
740 3334 818 3420 quid
840 3336 881 3402 de
904 3333 995 3400 libris
1017 3354 1134 3400 nomen
1164 3333 1234 3400 sius
1256 3332 1436 3400 serentibus
1457 3333 1598 3418 oogiture
1620 3351 1679 3398 nos

328 3464 439 3542 nogat,
466 3455 615 3540 equidem
639 3477 702 3524 non
724 3455 829 3522 video.
869 3456 982 3540 ltaque
1008 3449 1111 3542 γραφή
1134 3453 1223 3540 opud
1239 3454 1402 3522 Laertium
1417 3459 1675 3536 commemoratu,

327 3578 355 3645 si
385 3578 514 3663 quidem
529 3577 672 3644 ‘omnino
704 3577 827 3644 exstitit
862 3581 945 3659 (nom
976 3575 1082 3662 ipsum
1112 3574 1195 3642 illud
1225 3575 1440 3642 testimonium
1470 3574 1579 3640 fiotum
1605 3593 1678 3640 esse

326 3720 390 3766 non
418 3716 512 3784 posse
542 3697 616 3781 quis
644 3697 841 3765 confidenter
869 3695 956 3763 ausit
983 3695 1198 3781 affirmaret),
1235 3717 1298 3781 quo
1325 3703 1470 3783 tempore
1499 3694 1676 3782 composita

327 3820 384 3904 sit,
410 3839 539 3906 prorsus
561 3819 716 3888 insertum
739 3837 812 3886 esse
834 3816 992 3886 existimo.

411 4039 536 4128 xxm.
576 4063 682 4130 naeu.
714 4061 763 4126 ux
798 4063 836 4126 ro
878 4058 1241 4145 unumunurn.
1275 4079 1339 4126 res.
1373 4059 1524 4144 sywaur
1553 4080 1585 4145 p.
1619 4060 1670 4142 oo)

317 4179 496 4272 Ἱερώνυμος
525 4185 559 4250 δέ
591 4209 666 4272 φησι
694 4183 745 4247 καὶ
774 4182 921 4247 Σκυθῖνον
950 4177 999 4248 τὸν
1029 4184 1085 4246 τῶν
1110 4175 1226 4267 ἰάμβων
1254 4175 1381 4266 ποιητὴν
1404 4181 1606 4268 ἐπιβαλέσθαι
1626 4176 1676 4244 τὸν

324 4307 440 4373 ἐκείνου
468 4304 641 4388 [Heracliti]
668 4299 756 4390 λόγον
779 4301 830 4369 διὰ
853 4304 963 4390 μέτρου
986 4303 1136 4390 ἐκβαλεῖν.

410 4427 524 4492 Insunt
545 4444 625 4492 sune
642 4425 676 4491 iu
692 4424 839 4509 Soythini
855 4423 1043 4508 fmgmentis
1058 4421 1285 4509 philosophiae
1301 4421 1505 4488 Hersolitese
1519 4421 1675 4506 vestigia:

323 4570 354 4614 ν.
381 4547 507 4614 Heeren
530 4545 617 4612 Stob.
654 4546 713 4611 eol.
739 4546 814 4610 112
847 4566 880 4630 p.
906 4547 981 4609 216.
1032 4544 1142 4629 Bergk
1164 4542 1205 4610 de
1235 4543 1327 4628 reliq.
1360 4563 1441 4609 eom.
1473 4543 1541 4609 Au.
1574 4541 1675 4626 antiq.

323 4691 356 4755 p.
383 4671 462 4748 3083
496 4672 583 4753 poet.
608 4667 669 4752 lyr.
696 4665 752 4732 Gr.
777 4688 808 4752 p.
837 4668 898 4730 792
929 4664 980 4732 ed.
1005 4665 1065 4730 ΠΙ.
1121 4663 1277 4732 Sohuster
1303 4662 1337 4730 in
1366 4663 1448 4732 sotis
1471 4683 1537 4730 soo.
1563 4662 1675 4748 philol.

322 4789 412 4875 Lips.
436 4789 485 4854 ΙΙΙ
506 4809 539 4874 p.
566 4789 627 4852 354
651 4805 699 4870 sq.
746 4787 898 4873 Byuster
920 4806 952 4871 p.
978 4785 1040 4852 -vn
1063 4792 1096 4853 et
1118 4787 1170 4852 68.

406 5031 526 5096 XXIV.
553 5031 662 5097 Lauri.
680 5029 757 5096 VIII
773 5031 812 5094 57
834 5029 948 5112 (deser.
966 5027 1111 5094 Eudooia
1126 5049 1159 5113 p.
1182 5029 1251 5112 170)
1279 5031 1310 5094 ἐν
1335 5027 1368 5093 δὲ
1390 5033 1433 5115 τῷ
1456 5027 1524 5114 περὶ
1547 5029 1676 5114 ποιητῶν

321 5179 412 5242 φησιν
439 5150 646 5237 (Aristoteles)
681 5143 728 5214 ’ὁτι
759 5146 809 5214 καὶ
825 5146 987 5236 Ὁμηρικὸς
1015 5143 1262 5234 θἘμπεδοκλής
1285 5151 1362 5230 κτλ,
1397 5145 1448 5214 καὶ
1470 5145 1508 5234 δὴ
1531 5143 1578 5214 ’ὁτι
1600 5143 1679 5236 γρό-
