4206 6248
760 662 812 718 DE
830 661 969 719 LOGICA
986 662 1199 720 STOICORUM
1493 742 1495 746 Δ
1609 663 1649 724 75

303 871 383 918 sane
399 851 497 919 Stoici
519 825 825 940 curprouidcntiam
849 855 991 921 diuinam
1008 854 1141 920 summis
1163 854 1315 920 laudibus
1331 853 1540 934 celebrarent,
1565 872 1650 935 qnae

305 974 419 1039 mirum
450 974 552 1041 videri
582 976 683 1060 possit
713 985 833 1059 quanta
862 997 938 1042 cura
966 996 1022 1042 eos
1051 983 1220 1060 prosecuta
1245 975 1300 1041 sit:
1343 996 1417 1040 nam
1441 993 1497 1060 pro
1520 973 1650 1039 diversa

304 1100 481 1181 temporum
504 1097 690 1163 condicione
713 1097 834 1163 diversi
855 1098 977 1182 ingenii
998 1096 1076 1162 uiris
1092 1095 1235 1161 scholam
1251 1096 1346 1161 istam
1362 1095 1513 1162 instruxit
1528 1100 1562 1160 nt
1577 1095 1653 1161 licet

306 1236 429 1282 summo
460 1219 603 1303 periculo
625 1218 811 1285 imminente
841 1240 1013 1304 numquam
1036 1239 1076 1284 ea
1097 1218 1300 1283 occumberet
1329 1217 1387 1283 sed
1417 1216 1508 1282 novis
1531 1216 1652 1282 viribus

305 1345 402 1405 aucta
423 1357 550 1425 semper
572 1347 778 1406 recrearetur.
825 1341 876 1405 Ita
905 1361 977 1406 cum
1001 1340 1130 1405 Zenone
1156 1346 1279 1404 mortuo
1302 1339 1335 1404 in
1358 1358 1396 1405 eo
1418 1345 1505 1404 esset
1526 1344 1561 1403 ut
1582 1337 1653 1402 eius

306 1459 417 1525 schola
445 1460 549 1545 ipsius
578 1460 747 1545 discipulis
773 1461 857 1526 inter
886 1480 921 1526 se
951 1460 1216 1526 dissentientibus
1238 1467 1272 1526 et
1292 1460 1429 1526 audacia
1453 1459 1575 1524 maiore
1594 1458 1654 1523 ad-

305 1581 457 1647 versariis
478 1582 727 1668 irrumpentibus
755 1567 968 1663 dilaberetur,
1005 1582 1208 1667 Chrysippus
1230 1581 1354 1647 exstitit
1375 1581 1424 1646 vir
1446 1579 1534 1646 baud
1556 1578 1653 1644 dubie

306 1708 421 1767 natura
443 1724 573 1788 pugnax
596 1710 628 1769 et
650 1724 724 1770 acer
746 1708 778 1769 et
799 1703 854 1787 qui
869 1703 1071 1769 Academicis
1087 1723 1122 1769 se
1138 1701 1350 1769 erudiendum
1364 1702 1506 1768 traderet
1527 1721 1654 1766 eorum-

307 1843 369 1906 que
384 1844 425 1889 ex
441 1823 571 1890 officina
585 1845 625 1890 ea
646 1825 719 1910 ipsa
733 1846 824 1890 arma
838 1830 978 1890 sumeret
997 1823 1040 1890 ad
1055 1824 1245 1891 Cleanthem
1261 1822 1511 1904 defendendum,
1537 1821 1655 1905 quibus

306 1943 363 2010 illc
392 1945 434 2010 ab
463 1945 538 2011 aliis
559 1946 738 2031 petebatur.
785 1947 967 2031 Tantopere
991 1966 1026 2012 sc
1048 1946 1082 2011 in
1105 1945 1368 2012 Academicorum
1391 1942 1654 2040 consuetudinem

308 2064 500 2149 insinuavit,
535 2073 569 2132 ut
599 2088 708 2146 eorum
737 2088 824 2133 more
853 2066 894 2133 dc
922 2088 987 2132 una
1016 2039 1194 2150 eademque
1223 2086 1257 2132 re
1284 2066 1319 2131 in
1341 2073 1508 2149 utramque
1531 2070 1655 2149 partem

309 2185 487 2271 disputaret
516 2189 709 2273 saepiusque
738 2188 885 2273 legentes
911 2188 1049 2255 incertos
1071 2195 1104 2254 et
1125 2189 1326 2272 ambigentes
1349 2185 1426 2272 quid
1449 2191 1658 2269 sequerentur

308 2307 512 2392 relinqueret.
555 2309 618 2388 Qui
641 2330 717 2375 vero
738 2316 862 2376 tantum
879 2309 1052 2376 dialectica
1072 2309 1208 2395 profecit
1228 2329 1292 2375 non
1314 2308 1419 2395 potnit
1439 2328 1504 2373 non
1526 2304 1655 2392 plurimi

311 2448 382 2494 eam
405 2429 586 2495 aestimare.
634 2430 741 2509 Quare
764 2438 799 2496 ut
813 2431 900 2496 Zeno
921 2431 955 2496 in
978 2431 1012 2497 id
1035 2453 1131 2497 unum
1152 2431 1295 2496 intentus
1317 2436 1353 2497 nt
1373 2429 1542 2495 veritatem
1563 2425 1657 2492 inda-

309 2556 403 2632 garet
432 2557 464 2615 et
490 2552 599 2636 palam
628 2551 750 2618 faceret
776 2551 882 2618 minus
904 2552 1030 2618 curavit
1050 2551 1207 2637 quomodo
1230 2557 1339 2617 contra
1361 2549 1564 2617 adversarios
1586 2568 1658 2614 earn

311 2670 451 2736 firmaret
479 2670 617 2755 ideoque
646 2672 849 2739 dialecticam
879 2694 974 2757 qnam
1002 2673 1199 2757 singularem
1229 2672 1433 2758 disciplinam
1463 2668 1660 2738 existimavit

310 2791 344 2857 in
364 2791 584 2859 instrumentis
606 2800 783 2860 ceterarum
806 2794 1048 2880 disciplinarum
1070 2813 1134 2859 non
1156 2794 1278 2877 babuit,
1303 2794 1349 2860 ita
1364 2793 1576 2880 Chrysippus,
1602 2791 1659 2875 qui

312 2934 352 2979 ea
374 2920 480 2980 aetate
502 2914 584 2981 vixit
604 2936 668 2998 qua
683 2915 861 2981 Stoicorum
884 2915 1029 2981 doctrina
1050 2936 1114 2981 non
1129 2915 1223 2981 novis
1237 2916 1375 2981 inventis
1390 2915 1507 2999 quibus
1521 2912 1660 2998 amplior

312 3035 403 3101 fieret
424 3043 535 3119 egeret
557 3035 617 3102 sed
638 3035 830 3120 quibusdam
853 3035 948 3119 quasi
970 3034 1155 3101 tibicinibus
1177 3037 1293 3121 quibus
1315 3035 1503 3102 vacillantia
1520 3035 1585 3099 iam
1601 3033 1661 3099 de-

251 3145 253 3148 *
312 3163 400 3222 creta
421 3156 534 3222 fortius
555 3156 754 3241 fulcirentur,
780 3156 981 3222 dialecticam
1003 3176 1067 3220 non
1088 3156 1190 3222 uoluit
1204 3155 1409 3242 disciplinam
1425 3175 1496 3223 esse
1519 3174 1603 3239 qnae
1625 3159 1661 3218 ut

313 3278 360 3342 ita
392 3277 497 3344 dicam
531 3277 707 3344 solitariam
741 3277 840 3343 vitam
873 3285 986 3361 ageret
1018 3276 1076 3343 sed
1110 3277 1204 3360 quasi
1236 3298 1353 3363 penum
1385 3276 1546 3362 quandam
1575 3274 1661 3341 unde

313 3405 439 3465 ceterae
461 3399 624 3465 alerentur
645 3406 678 3465 et
699 3399 785 3465 vires
815 3397 876 3464 sibi
898 3418 999 3465 novas
1022 3403 1196 3464 sumerent.
1242 3399 1402 3466 Discessit
1422 3398 1521 3484 igitur
1542 3397 1576 3462 in
1598 3396 1659 3461 hac

313 3541 348 3586 re
371 3519 461 3585 utin
482 3520 556 3585 aliis
578 3521 746 3606 permultis
768 3541 789 3586 a
810 3520 940 3586 Zenone
965 3519 1163 3604 libmmque,
1197 3520 1237 3586 de
1265 3540 1327 3604 qno
1356 3519 1439 3600 dixi,
1473 3525 1508 3585 nt
1536 3536 1572 3584 se
1602 3537 1660 3582 ex-

315 3646 444 3707 cusaret
472 3640 599 3706 videtur
627 3640 779 3707 edidisse.
826 3641 910 3706 Nam
941 3641 1017 3707 licet
1046 3659 1203 3706 summam
1234 3640 1422 3707 dialecticae
1453 3640 1586 3723 eiusque
1609 3658 1662 3702 ra·

313 3762 453 3828 tionibus
475 3761 540 3826 vim
562 3769 595 3828 et
616 3761 807 3846 dignitatern
829 3761 1031 3844 concesserit,
1058 3782 1121 3827 non
1142 3769 1251 3828 tammr
1274 3761 1412 3828 candem
1434 3762 1465 3828 ei
1488 3759 1662 3827 attribuere

317 3883 420 3968 potnit
435 3904 499 3968 qna
513 3883 645 3950 excellit
659 3903 742 3967 qnae
758 3880 949 3968 &subtracturi
967 3890 1113 3964 vocatur;
1132 3904 1326 3969 praeparare
1342 3883 1442 3968 igitur
1455 3883 1536 3948 dixit
1550 3880 1663 3965 opinor

314 4003 519 4071 dialecticam
542 4026 616 4070 eam
639 4004 887 4091 disputationem
909 4024 992 4089 quae
1015 4003 1132 4070 deinde
1155 4002 1198 4070 ad
1222 4025 1333 4070 rernm
1356 4004 1442 4088 qnod
1463 4004 1567 4070 solum
1589 4022 1664 4087 pro-

316 4125 454 4212 positum
478 4125 576 4193 habet
597 4126 740 4193 citatiore
762 4144 877 4210 gressu
899 4125 1077 4212 perveniat.
1125 4125 1197 4204 Qua
1218 4125 1252 4190 in
1274 4146 1308 4192 re
1331 4147 1407 4192 num
1430 4102 1564 4190 nimium
1587 4142 1664 4188 con-

315 4245 456 4313 iectandi
472 4246 599 4313 libidini
613 4247 799 4332 indulgeam
814 4245 901 4330 qnod
915 4253 992 4332 puto
1007 4266 1082 4312 enm
1097 4247 1140 4312 ad
1155 4246 1360 4313 Alistotelem
1379 4264 1582 4332 provocasse,
1608 4242 1664 4328 qni

234 4435 237 4441 ,
318 4368 432 4434 eodem
461 4366 555 4433 modo
585 4368 618 4434 in
646 4368 887 4452 quaestionibus
916 4367 1092 4433 tractandis
1120 4388 1141 4432 a
1170 4366 1348 4435 dialecticis
1376 4366 1502 4433 initium
1525 4365 1667 4451 ceperit?

318 4488 500 4556 Aristotelis
527 4509 602 4556 vero
631 4488 821 4556 aumentate
844 4489 931 4555 Zeno
962 4509 1087 4573 quoquo
1110 4507 1188 4556 usus
1209 4489 1337 4556 videtur
1358 4490 1401 4556 ad
1424 4507 1515 4554 suam
1538 4491 1667 4554 senten-

318 4612 396 4679 tiam
418 4611 582 4695 tnendam,
608 4610 694 4696 quod
714 4611 772 4676 ille
795 4609 995 4677 dialecticam
1018 4609 1344 4677 demonstrationibus
1361 4594 1445 4696 quae
1466 4629 1508 4675 ex
1530 4607 1668 4695 propriis

320 4731 570 4816 uniuscuiusque
592 4732 640 4798 rei
662 4732 768 4798 causis
797 4731 974 4817 procedunt
994 4730 1183 4798 debiliorem
1205 4752 1244 4798 ac
1266 4731 1372 4798 minus
1394 4731 1559 4799 efficacem
1581 4728 1668 4795 iudi-

319 4860 436 4920 casset.
475 4854 586 4937 anue
609 4851 637 4918 si
659 4853 736 4937 quid
759 4852 854 4919 video
876 4852 936 4919 fuit
951 4869 1050 4917 causa
1073 4872 1129 4918 cur
1142 4852 1258 4918 libmm
1274 4852 1365 4919 illurn
1381 4852 1581 4939 Chrysippus
1603 4870 1668 4916 non

272 4980 273 4983 ’
320 4968 388 5061 πἐρὶ
410 4977 463 5040 τοῦ
486 4974 630 5062 ἐγκρίνειν
654 4970 705 5060 τήν
730 4969 918 5059 διαλεκτικὴν
949 4969 1001 5038 σὺν
1032 4973 1096 5047 ταῖς
1127 4969 1311 5046 ἀποδείξεσιν
1340 4974 1374 5039 in
1403 4974 1588 5039 universum
1616 4972 1668 5038 in-

324 5097 451 5182 scripsit
465 5094 524 5162 scd
538 5094 607 5184 περὶ
622 5102 674 5161 τοῦ
690 5097 833 5183 ἐγκρίνειν
856 5091 945 5168 τοὺς
969 5092 1165 5183 ἀρχαίους
1188 5101 1248 5162 eto.
1291 5095 1440 5162 Celerum
1462 5094 1537 5160 hinc
1558 5092 1670 5160 videre
