4206 6248
421 709 427 722 .
462 673 504 734 (52
1039 671 1073 724 R.
1094 670 1229 726 HlltZliL

463 861 582 945 paruit:
617 860 701 926 bene
732 861 816 926 enim
848 861 977 926 memini
1009 861 1183 943 sermonis,
1217 882 1280 945 quo
1310 862 1388 926 mihi
1418 861 1554 926 nanasti
1580 867 1612 926 te
1634 859 1808 942 aliquando

463 980 682 1065 disputatione
713 981 754 1046 de
783 981 927 1046 Platonis
957 981 1147 1048 Parrneuido
1178 982 1325 1048 instituta
1354 982 1529 1048 Godolredl
1556 981 1730 1047 Hermauni
1761 979 1807 1044 tui

463 1103 614 1185 plausum
642 1102 764 1167 tulisse.
812 1099 882 1178 Quo
911 1103 1031 1167 elarius
1060 1102 1283 1169 documentum
1307 1102 1403 1170 edere
1426 1125 1489 1169 non
1511 1101 1642 1188 potuisti
1664 1101 1722 1166 tibi
1745 1121 1806 1164 uon

463 1222 541 1287 satis
565 1242 637 1288 esse
660 1224 843 1307 perlaetus
866 1230 899 1288 θῖ
920 1231 1049 1306 apertos
1072 1224 1295 1309 philosophiae
1318 1245 1449 1310 campos
1472 1224 1653 1302 ambulare,
1686 1222 1745 1288 sed
1766 1241 1806 1286 uc

462 1342 654 1408 difficillima
683 1351 715 1408 et
736 1344 913 1429 asperrima
934 1343 1064 1427 quidem
1087 1351 1119 1409 te
1142 1345 1336 1428 detrectare,
1370 1346 1486 1430 quihus
1508 1344 1550 1410 ad
1573 1345 1686 1410 intima
1709 1363 1808 1428 pene-

464 1472 573 1529 tratur.
621 1464 680 1529 His
711 1465 811 1530 fretus
835 1465 861 1530 si
890 1465 954 1530 iam
978 1474 1009 1530 te
1031 1465 1199 1530 invitarem
1223 1466 1265 1531 ad
1287 1466 1462 1552 Chrysippi
1490 1466 1565 1531 illas
1589 1465 1808 1530 distinctiones

463 1592 496 1649 et
526 1585 720 1651 subtilitates
751 1586 846 1650 etiam
878 1586 1027 1651 subtilius
1053 1586 1299 1669 distinguendas
1322 1595 1354 1653 θῖ
1376 1585 1642 1673 perscrutandas,
1674 1584 1807 1650 nimium

464 1705 543 1771 mihi
573 1706 663 1771 abuti
693 1705 820 1772 viderer
848 1728 919 1771 cum
949 1706 1070 1789 ingenii
1098 1707 1143 1772 tui
1173 1707 1328 1773 facilitate
1357 1715 1424 1772 tum
1447 1707 1545 1773 animi
1568 1706 1805 1773 benevolentia.

464 1828 576 1910 Itaque
609 1848 676 1891 rem
711 1828 906 1912 propositum
942 1835 992 1893 est
1023 1835 1160 1894 tractare
1193 1850 1255 1894 non
1292 1829 1512 1894 absconditam
1545 1827 1602 1892 sed
1630 1827 1736 1913 potius
1765 1826 1808 1891 ad

464 1948 603 2012 omnium
635 1948 778 2013 notitiam
810 1956 841 2014 et
871 1969 1005 2013 acumen
1036 1956 1216 2033 patentem,
1249 1957 1282 2016 et
1306 1971 1389 2033 quae
1418 1949 1545 2015 tametsi
1569 1969 1589 2014 a
1610 1947 1810 2033 philosophis

462 2069 592 2151 neglegi
616 2068 729 2152 possit,
756 2068 929 2153 philologis
952 2070 1082 2135 minime
1105 2070 1337 2136 contemnenda
1355 2071 1407 2136 sit.
1446 2070 1498 2135 Ad
1513 2090 1592 2153 quos
1608 2069 1696 2134 haud
1712 2068 1808 2133 dubie

463 2189 578 2254 attinet
606 2189 768 2273 quaestio,
807 2211 889 2273 quae
919 2191 959 2256 de
988 2189 1068 2275 ipsis
1101 2191 1276 2273 logicorum
1310 2198 1343 2256 θῖ
1375 2191 1501 2275 logicae
1535 2191 1716 2256 nominibus
1749 2189 1809 2254 ha-

464 2310 565 2376 betur.

550 2430 823 2516 Quandocumque
852 2431 1008 2498 dubitatio
1036 2432 1148 2509 incidit
1169 2432 1210 2498 de
1233 2453 1284 2515 rc,
1317 2453 1400 2515 quae
1423 2432 1508 2498 intra
1529 2432 1681 2516 antiquae
1703 2431 1809 2516 philo-

466 2553 600 2638 sophiae
631 2553 712 2617 fines
742 2552 936 2636 continetur,
972 2553 1036 2618 iam
1067 2553 1186 2619 dudum
1217 2554 1303 2619 hunc
1331 2575 1453 2620 morem
1481 2593 1523 2601 -
1552 2576 1612 2619 nec
1635 2554 1741 2636 solus,
1775 2560 1810 2617 ut

464 2695 560 2760 spero
584 2711 624 2720 —
646 2680 757 2757 teneo,
791 2680 827 2738 nt
849 2675 985 2758 primum
1008 2675 1192 2740 Eduardum
1216 2676 1377 2755 Zellerum
1399 2676 1514 2741 adeam
1538 2683 1571 2740 et
1593 2675 1662 2740 eius
1691 2674 1808 2740 deinde

464 2795 624 2860 sententia
653 2795 825 2876 diligenter
855 2813 999 2878 expensa
1028 2796 1056 2861 si
1084 2796 1239 2862 adsentiri
1268 2797 1298 2862 ei
1321 2796 1508 2881 possumid
1530 2797 1635 2861 laetus
1657 2816 1736 2880 prae
1758 2815 1809 2860 rue

463 2917 583 2997 leram,
618 2916 645 2980 si
675 2915 756 2980 meis
785 2915 964 2982 rationibus
987 2916 1020 2981 in
1044 2916 1203 2982 diuersam
1226 2917 1392 2983 iudicandi
1416 2918 1500 2982 uiam
1523 2917 1613 2982 ablue
1637 2937 1743 3000 cogor,
1774 2916 1809 2982 id

463 3045 571 3103 tamen
586 3036 759 3102 admodum
776 3043 962 3101 cunctanter
976 3036 1105 3102 faciam.
1150 3038 1341 3105 Dubitamus
1356 3045 1462 3104 autem
1480 3038 1564 3103 unde
1580 3037 1669 3122 apud
1684 3045 1809 3103 ueteres

466 3158 537 3224 eius
560 3157 800 3252 consuetudinis
823 3157 913 3241 origo
936 3158 1105 3243 exstiterit,
1130 3180 1195 3242 qua
1217 3159 1340 3242 logicae
1363 3160 1414 3224 vel
1438 3158 1613 3241 logicorum
1629 3158 1812 3223 nominibus

464 3279 647 3345 universam
676 3279 767 3344 illam
801 3279 1005 3364 disciplinam
1036 3280 1264 3364 appellabant,
1301 3301 1385 3363 quae
1416 3279 1511 3345 hodie
1541 3300 1667 3364 quoqne
1697 3278 1808 3345 eodem

464 3399 591 3466 nominc
620 3399 840 3465 circumfertur
862 3406 894 3465 θῖ
917 3400 968 3465 vel
997 3401 1071 3486 plus
1093 3421 1189 3484 quam
1219 3408 1344 3486 oportet
1364 3401 1398 3466 in
1420 3400 1527 3466 causis
1550 3420 1588 3466 ac
1610 3400 1729 3466 normis
1752 3399 1809 3465 de·

464 3520 597 3586 liniendi
624 3520 789 3586 iudicandi
819 3520 1030 3586 concludendi
1058 3521 1268 3605 expulerandis
1291 3529 1323 3588 et
1344 3521 1542 3607 exponendis
1565 3528 1720 3587 uersatur.
1768 3522 1811 3586 Ut

466 3647 633 3726 parentum
658 3649 707 3708 θεῖ
728 3642 839 3708 liberis
860 3642 990 3707 nomina
1012 3661 1130 3727 ponere
1152 3641 1198 3707 ita
1221 3642 1420 3708 inventorum
1443 3643 1540 3708 rebus
1563 3663 1583 3707 a
1606 3662 1641 3707 se
1656 3642 1806 3707 inventis.

466 3761 558 3842 Quod
580 3769 688 3828 tamen
712 3761 842 3848 saepius
865 3761 960 3828 aliter
981 3763 1099 3828 evenit.
1147 3763 1188 3827 Et
1210 3763 1347 3847 logicam
1369 3763 1498 3846 quidem
1521 3763 1598 3845 quin
1621 3763 1810 3829 Aristoteles

464 3883 623 3949 invenerit
650 3884 741 3949 nulla
772 3883 929 3949 dubitatio
959 3890 1027 3965 est,
1061 3883 1166 3967 quisi
1189 3883 1240 3948 fas
1263 3890 1312 3949 est
1334 3883 1442 3950 dicere
1466 3905 1538 3949 eam
1561 3884 1657 3950 etiarn
1680 3883 1713 3948 iu
1736 3905 1811 3968 per-

466 4004 636 4071 lectionem
660 4025 817 4070 summam
840 4004 991 4084 adduxit;
1017 4012 1124 4069 tamen
1148 4004 1224 4089 quia
1247 4004 1287 4070 de
1309 4005 1448 4087 nomine,
1474 4026 1537 4087 quo
1562 4005 1709 4087 singulas
1723 4005 1811 4070 illius

468 4125 659 4210 disciplinae
681 4132 790 4211 partes
812 4125 853 4191 ab
876 4124 947 4210 ipso
969 4125 1118 4190 inventas
1141 4132 1173 4190 et
1196 4125 1355 4210 expolitas
1378 4125 1669 4210 comprehenderit,
1695 4134 1730 4191 ut
1752 4127 1811 4191 has

465 4266 577 4312 omnes
599 4267 696 4312 unum
720 4246 858 4330 denique
882 4253 914 4312 θῖ
934 4253 1034 4312 totum
1058 4245 1186 4312 efficere
1203 4253 1384 4331 appareret,
1410 4246 1491 4311 nihil
1508 4247 1600 4312 nobis
1615 4255 1811 4331 compertum

466 4374 533 4449 est,
558 4366 686 4432 videtur
706 4367 788 4433 illud
811 4367 864 4432 vel
886 4367 961 4431 aliis
984 4366 1153 4449 reliquisse
1177 4386 1257 4448 quos
1280 4374 1353 4450 post
1375 4386 1410 4432 sc
1433 4367 1558 4432 futuros
1580 4367 1662 4433 vidit
1683 4367 1752 4452 uel,
1778 4367 1811 4432 id

465 4488 551 4572 quod
573 4488 641 4554 veri
664 4488 803 4553 similius
826 4494 890 4570 est,
924 4486 1065 4552 nondum
1095 4486 1256 4570 cogitasse
1285 4488 1325 4553 de
1348 4487 1490 4572 vinculo,
1522 4487 1608 4572 quod
1636 4494 1705 4553 arto
1727 4508 1812 4553 nexu

465 4610 592 4675 diversa
619 4609 679 4675 illa
701 4609 845 4675 membra
868 4608 1054 4675 contineret.
1101 4607 1220 4682 Iamsi
1243 4628 1305 4672 non
1328 4607 1388 4673 tuit
1411 4609 1619 4693 Aristoteles,
1651 4609 1813 4692 quaeritur
1920 4690 1925 4700 1

465 4730 538 4815 quis
567 4731 624 4797 ille
647 4729 758 4812 luerit,
792 4730 847 4814 qui
871 4729 898 4794 si
920 4750 984 4794 non
1007 4729 1093 4811 quod
1117 4728 1320 4807 utilissimum
1344 4735 1376 4794 θῖ
1398 4730 1530 4794 maximi
1553 4730 1704 4796 momenti
1726 4738 1814 4795 esset

466 4851 542 4917 lecit
570 4858 678 4917 tamen
707 4851 794 4934 quod
824 4851 1042 4934 per'saecula
1070 4851 1256 4917 duraturum
1287 4856 1389 4934 esset,
1423 4871 1494 4916 cnm
1524 4850 1567 4916 ad
1596 4851 1686 4916 illam
1708 4851 1812 4936 ipsam

466 4971 669 5055 disciplinam
693 4972 819 5056 logicae
834 4992 950 5037 nomen
965 4970 1162 5037 transferret.
1203 4971 1365 5037 Zellerum
1384 4970 1484 5054 igitur
1499 4971 1714 5037 consulamus.
1752 4972 1813 5051 Qui

464 5092 657 5161 nobilissimi
688 5093 738 5159 sui
768 5093 873 5182 operis
896 5093 928 5157 ΙΙ
952 5095 970 5156 2
994 5114 1026 5179 p.
1055 5095 1127 5177 187,
1156 5097 1168 5155 l
1199 5091 1394 5158 mentionem
1424 5091 1520 5157 huius
1541 5092 1742 5177 quaestionis
1764 5094 1814 5158 in-
