4206 6248
311 1705 619 1806 HIERONYMI
650 1645 839 1802 RHODII
869 1704 1247 1851 PERIPATETICI
1279 1707 1619 1839 FRAGMENTA

764 1932 915 1974 connndln
928 1934 967 1974 ET
979 1933 1160 1975 ADNO'I'AVIT

714 2072 983 2144 dannanus
1012 2074 1212 2143 HILLER

376 2409 602 2475 Hrnsonrnus
624 2407 780 2471 Rnoolns
802 2404 948 2471 Athenas
969 2405 1211 2490 transmigravit
1231 2406 1339 2490 ibique
1355 2407 1633 2494 peripateticorum

289 2536 398 2597 sectae
426 2549 461 2597 se
491 2528 631 2611 addixit,
668 2527 852 2611 exemplum
886 2533 1014 2593 secutus
1045 2526 1179 2592 duorum
1206 2528 1408 2613 popularium
1437 2529 1574 2596 Eudemi
1603 2537 1636 2597 et

288 2650 518 2737 Praxiphanis‚
545 2669 678 2733 quorum
700 2648 784 2714 alter
805 2647 996 2729 Aristotelis,
1022 2648 1105 2714 alter
1126 2647 1341 2734 Theophrasti
1362 2649 1534 2736 disciplina
1555 2671 1634 2717 usus

288 2779 366 2839 erat.
415 2771 529 2837 Strabo
553 2770 630 2835 XIV
659 2789 692 2853 p.
711 2773 773 2834 655
803 2761 909 2856 ἄνδρες
938 2765 965 2834 δ’
993 2770 1128 2855 ἐγένοντο
1164 2769 1204 2852 (in
1227 2769 1335 2836 insula
1358 2770 1478 2850 Rhodo]
1515 2767 1632 2858 μνήμης

288 2885 365 2965 άΕιοι
393 2890 501 2956 πολλοὶ
531 2885 735 2979 στρατηλάται
764 2894 842 2974 κτλ,
875 2893 931 2956 τῶν
961 2889 995 2955 δὲ
1021 2892 1181 2956 πολιτικῶν
1210 2891 1262 2957 καί
1283 2895 1339 2955 τῶν
1361 2890 1430 2979 περὶ
1452 2888 1558 2978 λόγους
1580 2893 1632 2959 καί

286 3013 466 3102 φιλοσοφίας
495 3006 513 3078 ό
539 3038 572 3078 τε
596 3011 758 3085 Παναίτιος
786 3006 875 3085 αότδς
903 3010 955 3077 καί
978 3011 1166 3100 Στρατοκλῆς
1195 3012 1247 3077 καί
1266 3008 1449 3100 Ἀνδρόνικος
1479 3009 1495 3078 ὃ
1519 3016 1553 3079 ἐκ
1568 2997 1631 3080 ’τῶν

285 3130 455 3222 περιπάτων
483 3133 535 3199 καί
569 3133 721 3219 Λεωνίδης
750 3128 766 3198 ό
796 3129 939 3216 στωικός,
975 3133 1020 3198 ἔτι
1048 3132 1082 3198 δέ
1108 3129 1251 3221 πρότερον
1281 3130 1532 3222 Πραξιφάνης
1565 3137 1631 3202 καί

279 3251 511 3344 Ἱερώνυμος
541 3253 607 3321 καί
638 3247 825 3341 Εὔδημος.
873 3253 1022 3320 Scholam
1046 3255 1259 3340 Hieronymus
1281 3256 1417 3322 Athenis
1439 3256 1553 3324 hahuit
1575 3280 1631 3324 eo·

285 3378 358 3444 dem
387 3384 529 3463 tempore
559 3397 621 3461 qno
643 3376 846 3455 Arcesilaum
881 3375 1000 3441 scimus
1028 3382 1135 3442 autern
1158 3376 1336 3462 Cretatam,
1369 3377 1421 3443 eui
1443 3377 1628 3446 Aroesilaus

285 3497 455 3582 suecessit,
481 3498 523 3564 ol.
549 3498 701 3565 cxxvfl
724 3500 743 3562 3
767 3495 963 3563 Academiae
985 3497 1197 3583 principatum
1221 3519 1296 3565 aooe
1320 3499 1402 3583 isse,
1428 3499 1629 3566 Arcesilaum

283 3620 391 3706 ipsum
412 3618 553 3704 quinque
576 3625 609 3686 et
630 3617 837 3705 septuaginta
859 3637 959 3684 annos
982 3625 1092 3684 natum
1114 3619 1156 3685 ol.
1180 3619 1271 3685 CXX
1362 3639 1434 3686 esse
1456 3628 1625 3688 mortuum.

284 3741 391 3807 Laert.
416 3740 510 3825 Diog.
536 3740 581 3805 IV
603 3744 644 3804 40
659 3759 728 3825 sqq.
754 3734 982 3827 φιλομειράκιός
1009 3763 1041 3804 τε
1064 3731 1100 3826 ἦν
1128 3740 1332 3825 (Arcesilaus)
1359 3740 1411 3806 καί
1433 3739 1626 3830 καταφερής·

280 3852 353 3928 “dhes
376 3862 405 3927 οί
426 3859 494 3949 περὶ
505 3857 667 3948 Ἀρίστωνα
682 3856 731 3927 τὸν
746 3858 824 3926 Χῖον
840 3859 962 3926 στωικοὶ
976 3856 1140 3926 ἐπεκάλουν
1157 3856 1250 3950 αὐτῷ,
1276 3863 1395 3950 φθορέα
1410 3867 1469 3927 τῶν
1484 3863 1558 3928 νέων
1574 3863 1626 3929 καί

283 3979 488 4069 κιναιδολόγον
503 3981 555 4048 καί
570 3977 685 4070 δρασδν
700 3977 929 4056 ἀποκαλοῦντες.
961 3981 1013 4047 καί
1028 3978 1086 4070 γὰρ
1102 3979 1139 4069 δὴ
1155 3981 1207 4048 καί
1223 3982 1396 4071 Δημητρίου
1411 3987 1463 4050 aod
1477 3980 1627 4051 πλεόσαν-

282 4131 331 4179 τος
346 4105 389 4178 είς
405 4101 552 4193 Κυρήνην
568 4100 616 4169 ἐπὶ
629 4104 719 4169 πλέον
734 4105 903 4191 ἐρασθῆναι
917 4104 1037 4191 λέγεται
1052 4108 1115 4170 κτλ.
1157 4101 1207 4170 διὰ
1224 4109 1318 4170 ταῦτα
1334 4100 1371 4192 δη
1388 4097 1440 4172 οὖν
1455 4102 1579 4172 ἔδακνόν
1595 4132 1627 4172 τε

285 4221 374 4292 αότδν
397 4226 426 4291 oi
447 4226 662 4313 προειρημένοι
684 4224 735 4290 καί
757 4225 947 4291 ἐπέσκωπτον
963 4219 1004 4299 ὡς
1020 4225 1164 4313 φίλοχλον
1180 4223 1231 4291 καί
1246 4224 1421 4314 φιλόδοξον·
1448 4224 1578 4313 μάλιστα
1594 4228 1628 4294 δέ

281 4347 452 4413 ἐπετίθεντο
475 4341 558 4435 αιἰτῷ
580 4346 609 4411 οί
631 4344 700 4433 περί
716 4342 891 4435 Ἱερώνυμον
914 4341 964 4413 τόν
985 4343 1215 4435 περιπατητικόν
1241 4348 1296 4434 (ita
1310 4347 1405 4414 codd.
1424 4349 1581 4434 Stephani
1596 4358 1629 4418 et

281 4469 432 4553 Cobotes
458 4470 539 4534 έπετ.
559 4462 641 4557 αὐτῷ
655 4464 739 4556 παρὰ
758 4466 835 4556 [περί
851 4469 938 4552 vat]
950 4463 1124 4558 Ἱερωνόριρ
1139 4473 1182 4558 τῷ
1196 4475 1421 4558 περιπατητικῷ
1436 4469 1530 4536 codd.
1548 4471 1622 4538 vat.

285 4593 377 4672 1302,
404 4591 499 4656 Lanr.
518 4590 600 4676 plut.
619 4593 671 4673 69,
691 4592 743 4674 35,
769 4590 894 4657 Monac.
916 4589 1102 4676 attinetur,
1128 4589 1179 4658 ed.
1198 4592 1275 4677 pn),
1301 4587 1390 4658 ὁπότε
1412 4587 1536 4678 συνάγοι
1557 4588 1625 4668 τοὺς

281 4712 387 4799 φίλους
410 4711 452 4784 εἰς
475 4705 528 4797 τὴν
544 4705 728 4785 ῑλλκυονέως
750 4714 803 4776 τοῦ
821 4707 988 4798 Ἀντιγόνου
1011 4713 1077 4777 υίοῦ
1099 4707 1227 4799 ίμέραν,
1253 4713 1296 4787 είς
1318 4706 1355 4799 ἣν
1380 4708 1467 4778 ἱκανὰ
1481 4710 1626 4801 χρήματα

279 4829 451 4898 ἀπέστειλεν
480 4827 668 4916 (ἀπέστελλεν
692 4832 782 4916 (λου.)
806 4829 968 4920 ’λντίγονος
990 4831 1063 4921 πρὸς
1086 4828 1251 4900 ἀπόλαυσιν
1279 4833 1331 4917 (of.
1356 4833 1432 4901 chr.
1457 4836 1621 4922 Petersen,

278 4954 435 5041 Jahrd.f.
450 4953 543 5019 class.
559 4953 678 5020 Ρίιίίαί.
697 4955 810 5041 Suppl.
828 4954 909 5040 Hp.
929 4959 990 5022 310
1006 4957 1104 5040 sqq).
1137 4955 1213 5022 ἔνθα
1227 4955 1279 5021 καί
1293 4952 1533 5044 παραιτούμενος
1548 4953 1623 5023 έκαί-

279 5101 364 5142 στοτε
394 5071 446 5151 τολς
476 5077 677 5152 ἐπικυλικίους
708 5071 863 5164 ἐξηγήσεις
885 5073 958 5163 πρὸς
978 5071 1132 5164 Ἀρίδηλον
1165 5073 1321 5165 (Ἀρίδικον
1344 5078 1427 5145 coni.
1454 5078 1623 5146 Kuehnius
