4206 6248
463 635 503 697 58
953 635 999 689 W.
1019 633 1315 688 DlTTENBERGER

463 822 528 887 hilo
550 823 656 888 minus
679 830 847 907 utrumque
870 823 1068 907 confuderit,
1103 823 1327 906 gravissimum
1351 830 1436 889 certe
1459 844 1499 887 ex
1521 822 1588 887 illis
1611 819 1810 906 argumentis

464 943 516 1009 hic
537 944 650 1029 paucis
673 943 898 1029 exponendum
921 950 979 1010 est.
1028 944 1077 1010 De
1097 946 1245 1010 Menelao
1268 945 1324 1010 illo
1347 944 1427 1009 nihil
1451 944 1518 1009 fere
1541 943 1660 1008 scimus
1683 947 1811 1027 praeter

464 1085 504 1130 ea
532 1086 615 1150 quae
639 1065 781 1131 lustinus
810 1073 918 1131 narrat
951 1066 1033 1149 (Vll,
1054 1070 1083 1147 4,
1104 1071 1134 1129 5.
1161 1066 1299 1149 vilia,
1324 1066 1458 1146 1611),
1492 1085 1565 1129 eum
1588 1064 1747 1148 Amyntae
1770 1082 1811 1127 ex

465 1186 631 1270 Gygaea¹)
666 1186 767 1252 filiurn
796 1187 915 1266 fuisse;
948 1187 1064 1252 fratres
1088 1186 1229 1252 uterinos
1252 1185 1403 1252 habuisse
1426 1184 1621 1250 Archelaum
1644 1189 1677 1250 et
1699 1181 1810 1248 Arrhi-

465 1306 593 1372 daeum.
634 1308 701 1372 Hos
723 1314 788 1374 tres
804 1308 919 1373 fratres
935 1307 1118 1394 Philippum
1135 1307 1312 1373 occisurum
1328 1307 1441 1389 fuisse,
1467 1305 1543 1390 quia
1559 1326 1692 1389 regnum
1707 1325 1811 1389 appe-

464 1435 584 1506 tereut3
612 1428 748 1493 66111166
769 1428 949 1513 (Archelao,
968 1428 1009 1493 cf.
1030 1429 1184 1494 schaefer
1200 1427 1364 1492 1166166111..
1384 1429 1415 1492 ll
1431 1450 1463 1512 p.
1483 1430 1530 1511 16)
1552 1446 1646 1492 caeso
1663 1425 1810 1491 1166616-

464 1549 568 1632 liquos
584 1547 759 1634 Olynthum
783 1548 967 1633 confugisse
990 1556 1022 1615 et
1037 1552 1064 1614 Ι6
1086 1550 1210 1616 civibus
1225 1571 1284 1635 per
1298 1548 1550 1614 misericordiam
1565 1553 1710 1632 receptos
1726 1566 1808 1612 esse.

464 1669 537 1747 Qua
568 1670 609 1736 de
640 1690 740 1736 causa
768 1690 838 1735 cum
861 1669 1031 1756 Philippus
1054 1670 1216 1755 Olynthiis
1246 1670 1367 1736 bellurn
1390 1669 1569 1752 intulisset,
1604 1669 1682 1734 urbe
1705 1668 1813 1733 deleta

463 1789 538 1855 illos
561 1791 602 1856 ah
626 1812 663 1857 eo
686 1797 816 1857 necatos
839 1811 922 1856 esse.
970 1791 1040 1856 Iam
1062 1812 1200 1874 quonam
1224 1792 1293 1857 iure
1315 1791 1455 1875 aliquem
1479 1811 1519 1855 ex
1535 1789 1585 1855 his
1600 1787 1811 1854 Macedonum

464 1910 550 1994 regis
580 1911 656 1977 filiis
678 1912 842 1995 Pelagona
870 1911 977 1977 vocari
1006 1912 1150 1997 potuisse
1179 1912 1422 1978 exissmemusr
1455 1909 1661 1976 Boehnechio
1682 1907 1811 1992 quidem

465 2051 516 2097 res
547 2032 625 2097 satis
655 2031 792 2117 simplex
814 2032 956 2097 videtur:
990 2033 1173 2098 Menelaum
1196 2055 1217 2098 a
1239 2039 1330 2118 patre
1352 2032 1548 2115 Pelagoniae
1570 2030 1693 2114 regioni
1717 2050 1812 2114 prae-

465 2152 582 2218 fectum
605 2172 688 2218 esse.
738 2153 779 2218 At
801 2153 943 2236 gentium
966 2153 1179 2238 nominibus‘q
1214 2153 1259 2219 611
1281 2174 1345 2218 666
1367 2153 1441 2219 11661
1463 2154 1503 2219 116
1527 2150 1723 2239 peregrinis,
1756 2149 1812 2232 qui

465 2273 616 2356 gentibus
639 2281 807 2359 praesunt,
834 2273 892 2339 sed
915 2274 955 2340 116
979 2275 1026 2340 616
1048 2273 1152 2358 modo,
1178 2274 1233 2358 qui
1256 2273 1378 2358 origine
1401 2276 1444 2341 ad
1467 2294 1524 2340 eas
1546 2272 1717 2360 pertinent.
1758 2271 1812 2336 Sic
1905 2348 1907 2351 ¹

466 2420 482 2459 ο
515 2390 665 2459 Μακεδών
696 2401 782 2460 16616
820 2394 935 2460 dicitur
964 2395 1174 2461 Macedonum
1212 2416 1268 2460 rex
1298 2395 1373 2478 quia
1402 2396 1471 2478 ipse
1501 2394 1633 2459 Macedo
1664 2400 1722 2459 est.
1770 2392 1813 2457 At

465 2515 575 2598 regiae
604 2515 713 2599 stirpis
736 2515 965 2582 Macedonicae
993 2516 1142 2582 iuvenem
1166 2523 1337 2601 propterea
1359 2516 1554 2599 Pelagonem
1578 2515 1658 2597 dici,
1691 2514 1811 2598 quiea

466 2643 557 2721 patre
581 2636 778 2720 Pelagoniae
801 2636 1038 2703 administratio
1061 2637 1092 2702 ei
1113 2638 1267 2704 mandata
1290 2637 1347 2720 sit,
1378 2658 1441 2702 non
1464 2636 1569 2720 magis
1591 2636 1681 2718 licet,
1714 2655 1810 2718 quam

468 2778 541 2823 eum
563 2757 619 2842 qui
641 2758 682 2823 ab
705 2757 896 2842 imperatore
917 2758 1060 2823 Romano
1082 2759 1210 2842 legatus
1233 2779 1290 2844 pro
1312 2765 1458 2843 praetore
1480 2758 1514 2822 in
1536 2755 1733 2842 prouinciam
1749 2755 1812 2838 Sy-

466 2878 545 2943 riam
568 2879 687 2945 missus
710 2879 768 2962 sit,
795 2899 836 2944 ea
858 2878 899 2944 de
922 2899 1021 2944 causa
1042 2879 1149 2964 ipsum
1172 2880 1288 2964 Syrum
1311 2879 1429 2944 vocari.
1475 2877 1569 2957 Quod
1592 2877 1620 2943 si
1643 2875 1714 2959 quis
1738 2895 1811 2960 per-

466 2998 600 3065 tinacior
615 3000 884 3066 Boehneckianae
903 2999 1037 3065 rationis
1052 2998 1202 3065 defensor
1216 3021 1254 3066 eo
1270 2999 1459 3082 confugeret
1473 3006 1509 3064 ut
1523 3005 1655 3063 matrem
1672 2995 1812 3061 Menelai

466 3120 634 3205 Gygaeam
658 3143 698 3187 er
714 3122 911 3205 Pelagonum
935 3127 1032 3204 gente
1054 3120 1156 3186 fuisse
1179 3127 1344 3204 statueret,
1368 3120 1403 3186 id
1425 3139 1551 3204 quoque
1570 3119 1689 3184 frustra
1711 3122 1808 3182 esset.

465 3240 550 3305 Nam
578 3262 649 3307 cum
672 3242 800 3308 omuino
823 3218 913 3307 cuius
927 3241 1007 3324 'quis
1034 3241 1140 3324 gentis
1164 3241 1221 3324 sit,
1254 3248 1404 3327 paterna,
1437 3263 1499 3306 non
1521 3247 1666 3306 materna
1688 3237 1810 3321 origine

466 3360 648 3446 definiatur,
673 3370 740 3429 tum
763 3363 796 3429 in
812 3363 1022 3429 Macedonum
1046 3362 1133 3446 regis
1156 3361 1222 3427 filio
1244 3362 1305 3427 hoc
1326 3363 1426 3426 multo
1445 3360 1586 3446 ineptius
1601 3360 1698 3425 etiam
1713 3379 1809 3442 quam

466 3481 500 3547 in
523 3482 587 3565 6116
609 3484 752 3568 quolibet
774 3491 871 3551 esset
917 3533 919 3537 Α
1288 3490 1289 3493 ’

466 3674 672 3685 κ---

555 3796 572 3858 ¹)
594 3792 692 3850 Utrum
711 3800 801 3849 mater
819 3796 880 3849 eius
898 3811 968 3848 uror
986 3794 1112 3863 legitima
1131 3795 1206 3861 regis
1226 3793 1311 3849 fucrit
1328 3813 1363 3848 au
1383 3795 1492 3864 paelex,
1513 3809 1568 3847 non
1585 3799 1706 3847 constat.
1741 3791 1810 3845 Nam

468 3881 521 3936 hoc
540 3881 586 3951 qui
605 3882 724 3951 sumpsit
742 3881 774 3935 0.
792 3879 868 3936 Abel
884 3898 911 3950 p.
927 3883 977 3933 218
995 3897 1087 3951 nequo
1106 3882 1268 3935 testimonio
1287 3897 1377 3951 nequo
1397 3880 1504 3934 rationo
1523 3879 1653 3942 titulavit,
1674 3878 1744 3931 illud
1764 3879 1811 3947 qui

468 3968 660 4022 demonstrare
682 3974 800 4021 conatus
823 3973 867 4021 cst
890 3967 1125 4022 Boehneckius'l.
1145 3967 1164 4020 l.
1185 3965 1387 4021 infelicissimis
1408 3967 1580 4033 argumentis
1605 3966 1702 4020 utitur.
1741 3963 1811 4017 Maru

468 4054 544 4124 quod
563 4053 591 4107 in
610 4050 773 4108 Aristotelis
792 4053 974 4108 Politicorum
993 4054 1056 4108 leco
1077 4056 1113 4117 111.
1133 4070 1161 4122 p.
1176 4057 1222 4111 151
1246 4053 1329 4107 116166
1346 4052 1516 4106 matrimonii
1535 4053 1695 4106 memoriam
1714 4054 1814 4121 depre-

468 4140 600 4202 hendisse
619 4139 672 4194 sibi
691 4141 769 4195 visus
788 4147 840 4203 est,
860 4155 968 4210 nequeo
988 4140 1180 4195 661161611611.
1212 4140 1347 4194 Nimirum
1366 4138 1424 4191 illic
1443 4138 1479 4192 dc
1498 4137 1622 4208 Amynta
1639 4137 1811 4192 Archelai

468 4226 526 4280 filio
544 4226 617 4290 dici,
643 4230 674 4280 ut
692 4224 870 4281 manifestum
888 4213 933 4281 est
951 4242 986 4281 ex
1005 4227 1142 4281 enuntiati
1161 4231 1319 4286 structura,
1345 4225 1387 4278 ita
1404 4240 1439 4279 ne
1458 4225 1519 4294 ipse
1536 4225 1734 4279 Boehneclrius
1752 4225 1813 4294 qui-

468 4312 531 4367 dem
549 4313 674 4381 negavit.
711 4310 756 4366 Ac
774 4319 867 4367 tamen
885 4329 948 4368 cunr
967 4313 1089 4383 Philippi
1108 4318 1216 4382 patrem
1235 4328 1299 4367 esse
1312 4317 1414 4381 putat,
1435 4313 1578 4366 immernor
1596 4312 1672 4366 tituli
1691 4312 1745 4365 iarn
1765 4312 1813 4365 do-

467 4416 529 4454 cem
542 4400 622 4454 66616
634 4406 700 4454 6616
713 4400 784 4454 editi
796 4398 842 4462 (cf.
853 4418 881 4471 p.
893 4403 926 4451 15
936 4417 962 4453 6.
977 4402 999 4462 11
1015 4400 1063 4468 qni
1076 4398 1149 4452 huuc
1159 4397 1311 4469 Amyntam
1321 4397 1410 4453 A'rrh
1419 4399 1510 4453 idaei
1523 4397 1610 4452 filium
1621 4397 1708 4453 fauisse
1717 4399 1809 4452 docet.

471 4492 476 4543 1
481 4487 524 4540 De
537 4485 664 4556 Amynta
677 4484 808 4540 Archelai
823 4485 842 4540 f.
863 4485 900 4541 cf.
915 4485 950 4540 A.
966 4502 1021 4541 von
1034 4485 1201 4542 Gutschruid
1219 4484 1247 4538 16
1261 4485 1396 4555 Symbola
1407 4485 1611 4555 philologornm
1625 4487 1812 4542 Bonnensium

467 4572 499 4625 P.
520 4571 678 4626 Ritschelio
696 4571 793 4626 oblata
811 4590 838 4642 p.
856 4574 923 4639 tos.)
962 4573 1041 4639 Quae
1060 4577 1154 4626 autem
1173 4577 1321 4640 praeterea
1338 4571 1419 4627 addit
1436 4573 1642 4637 Boehnechius‚
1663 4574 1746 4643 plane
1764 4589 1814 4628 nu-

467 4659 579 4725 gatoria
590 4664 670 4713 sunt:
691 4659 848 4713 meretricis
866 4658 925 4712 tilio
943 4674 1034 4728 nequo
1047 4656 1239 4713 Athenienses
1257 4657 1377 4712 honores
1395 4658 1551 4721 habituros,
1571 4675 1661 4729 noque
1680 4660 1741 4715 eius
1759 4661 1815 4714 ori-

466 4745 541 4813 ginis
559 4744 699 4799 homincm
717 4761 831 4813 regnum
848 4745 1029 4799 Macedoniae
1048 4750 1184 4814 appetere
1202 4761 1336 4799 ausurum
1355 4742 1466 4800 fuisse.
1490 4745 1567 4800 Nihil
1586 4762 1716 4817 umquam
1734 4748 1814 4801 audi-

467 4831 543 4885 visse
561 4831 676 4886 videtur
694 4831 775 4886 homo
794 4832 976 4886 doctissimus
995 4832 1031 4885 de
1050 4831 1179 4901 Philippo
1197 4829 1372 4895 Arrhidaeo,
1395 4833 1551 4887 meretricis
1569 4833 1725 4888 Thessalae
1743 4833 1811 4899 filio,

467 4916 650 4971 Macedonum
668 4933 745 4986 rege.

553 5002 573 5068 ²)
594 5004 700 5073 Sponte
718 5010 799 5074 patet
816 5020 860 5059 me
878 5004 1014 5059 hocloco
1032 5021 1087 5058 non
1106 5004 1203 5059 dicere
1221 5006 1257 5060 de
1276 5005 1428 5060 adiectivis
1446 5021 1518 5075 quae
1536 5024 1553 5060 6
1572 5006 1714 5074 regionum
1727 5007 1815 5060 nomi-

465 5090 549 5145 nibus
567 5089 741 5153 derivantur,
762 5091 813 5145 sed
832 5091 868 5145 de
887 5091 1005 5147 ethnicis
1023 5091 1184 5161 primitivis.
