4118 6240
457 625 518 688 138
1020 628 1051 684 P.
1073 629 1238 686 SCHOELL

543 815 612 880 Hoc
633 817 824 884 emblemate
847 821 967 887 maiore
997 827 1166 906 postquam
1197 822 1412 888 narrationem
1442 821 1666 902 liberavimus,
1700 841 1805 906 pauoa

455 936 608 1002 addenda
631 945 704 1003 sunt
726 938 766 1004 de
789 941 926 1025 singulis
948 942 1139 1026 quibusdam
1164 943 1318 1022 versibus,
1346 941 1519 1028 dequibus
1542 943 1663 1028 ambigi
1686 942 1801 1027 possit.

456 1057 568 1142 ltaque
590 1079 653 1124 non
676 1060 756 1126 satis
779 1062 856 1128 mihi
881 1070 1005 1129 constat
1027 1059 1067 1130 de
1090 1085 1186 1131 versu
1209 1067 1250 1128 52

685 1184 717 1247 ἐν
739 1181 834 1271 κοῖλιρ
857 1180 987 1272 νάρθηκι
1010 1181 1112 1250 λαθὼν
1136 1187 1195 1250 Δία
1216 1187 1462 1273 τερπικέραυνον,

457 1320 550 1384 quem
573 1301 679 1369 adhuc
702 1324 796 1369 nemo
818 1306 904 1388 quod
923 1307 1023 1373 sciam
1046 1307 1155 1390 attigit
1177 1307 1357 1373 criticorum
1380 1307 1459 1373 satis
1475 1307 1635 1389 ceteroqui
1659 1307 1806 1391 suspica-

457 1421 554 1486 cium.
601 1424 748 1508 Namque
770 1447 841 1491 cum
864 1428 1034 1494 antecedat
1056 1449 1169 1494 versus

685 1543 816 1635 ἔκλεψ’
844 1545 1028 1636 ἀνθρώποισι
1051 1547 1119 1623 Διὸς
1141 1547 1224 1638 πάρα
1248 1546 1436 1636 μητιόεντος,

459 1665 564 1728 statim
587 1671 694 1731 autem
716 1668 904 1754 insequatur

686 1784 735 1853 τὸν
759 1789 792 1855 δὲ
814 1787 1028 1879 χολωσάμενος
1050 1794 1188 1879 προσέφη
1212 1792 1433 1881 νεφεληγερέτα
1457 1790 1551 1872 Ζεός,

459 1905 569 1971 nescio
591 1909 668 1991 quid
691 1911 817 1978 molesti
839 1913 936 1978 babet
958 1913 1101 1998 Iuppiter
1116 1921 1165 1979 ter
1179 1915 1362 1979 nominatus
1383 1914 1536 1995 varieque
1560 1919 1730 1977 exornatus
1749 1931 1806 1994 per

457 2034 522 2092 tres
545 2049 656 2095 versus
679 2050 751 2097 sese
773 2033 987 2119 excipientes,
1022 2035 1076 2100 ubi
1106 2035 1295 2119 praesertim
1326 2035 1412 2117 quod
1436 2035 1539 2100 altero
1562 2053 1655 2098 versu
1678 2032 1806 2098 additur

368 2176 371 2184 ·
459 2145 563 2213 labdo
587 2150 645 2216 Δία
674 2153 836 2238 superiore
865 2176 959 2222 versu
989 2156 1056 2221 fere
1079 2156 1280 2221 contineatur
1308 2163 1341 2221 et
1369 2155 1485 2221 misero
1513 2153 1682 2220 claudicet.
1737 2154 1805 2217 lam

460 2270 555 2336 facile
586 2272 748 2357 explicatu
779 2275 920 2358 videtur,
953 2277 980 2341 si
1004 2297 1099 2359 quern
1121 2298 1163 2342 cx
1184 2277 1392 2361 Theogoniae
1414 2296 1509 2342 versu
1532 2277 1592 2340 587
1617 2274 1658 2340 ad
1682 2274 1806 2339 facinus

461 2392 643 2459 Promethei
668 2397 848 2464 accuratius
877 2396 1121 2464 describendum
1152 2398 1321 2484 repetiisse
1351 2396 1521 2463 statuimus
1549 2395 1631 2461 illud
1659 2397 1690 2460 ἐν
1714 2394 1807 2483 κοΐλῳ

328 2536 337 2557 ·
460 2508 590 2599 νάρθηκι
620 2537 658 2581 ao
693 2515 769 2582 dein
804 2537 917 2591 versus
949 2519 1101 2603 explendi
1130 2539 1229 2585 causa
1258 2525 1365 2585 cetera
1393 2518 1550 2583 adsuisse.
1605 2517 1804 2600 Quamquam

460 2635 676 2701 necessariam
698 2658 762 2704 uon
785 2658 856 2715 esse
879 2638 962 2705 banc
985 2640 1176 2706 seutentiam
1198 2640 1296 2725 probe
1311 2639 1386 2720 scio,
1413 2639 1613 2725 probabilem
1627 2620 1701 2703 esse
1717 2645 1803 2722 puto.

461 2755 582 2821 Contra
611 2758 779 2843 explorata
808 2767 858 2832 est
887 2767 919 2826 et
949 2762 990 2827 ab
1020 2761 1167 2827 omuibus
1195 2781 1351 2828 concessa
1379 2780 1491 2826 versus
1520 2764 1561 2824 93
1588 2759 1803 2843 interpolatio,

462 2897 545 2960 quac
568 2879 665 2946 verbo
687 2900 750 2945 non
772 2880 926 2965 indigeat.
973 2883 1086 2949 Restat
1108 2882 1221 2967 igitur,
1255 2889 1289 2947 ut
1317 2881 1358 2947 de
1383 2880 1529 2947 versibus
1552 2884 1592 2947 99
1616 2887 1648 2946 et
1674 2884 1732 2944 105
1756 2880 1807 2945 di-

462 3019 583 3064 uamus.
634 3001 682 3066 Ac
704 3001 841 3087 priorem
864 3022 990 3068 versum
1013 3003 1157 3088 plerique
1179 3003 1319 3070 editores
1342 3001 1485 3087 spurium
1509 3022 1581 3068 esse
1604 3009 1804 3082 censuerunt,

462 3119 582 3206 quippe
605 3141 701 3204 quem
723 3123 775 3189 vel
798 3123 924 3191 codices
948 3125 1092 3190 nonnulli
1114 3125 1263 3190 omittant
1287 3124 1426 3207 itemque
1449 3122 1638 3188 Plutarchus
1667 3121 1702 3186 in
1732 3141 1808 3186 con-

461 3241 619 3308 solatione
635 3241 677 3308 ad
692 3243 897 3328 Apollonium
913 3245 972 3312 hoe
988 3267 1115 3312 carmen
1133 3245 1289 3312 excitans.
1330 3246 1373 3311 At
1394 3225 1480 3309 nihil
1498 3244 1586 3310 valet
1608 3243 1687 3309 baec
1709 3263 1808 3309 causa

462 3363 661 3430 extrinsecus
682 3365 794 3431 allata.
849 3368 983 3433 Versum
1014 3368 1192 3434 enimcum
1216 3366 1420 3433 Plutarchum
1444 3365 1537 3431 obelo
1560 3370 1690 3431 notasse
1712 3363 1808 3430 intel-

462 3484 624 3568 legamus,
659 3506 723 3551 uon
751 3487 847 3554 aliam
878 3489 918 3553 ob
948 3509 1015 3555 rem
1043 3488 1170 3554 codiocs
1200 3508 1325 3571 quoque
1355 3487 1428 3552 illos
1450 3485 1624 3557 deteriores
1647 3484 1806 3551 delevisse

463 3605 680 3690 opinabimur,
715 3608 798 3690 quod
821 3608 907 3674 haud
930 3611 1030 3676 semel
1052 3608 1209 3676 accidisse
1232 3607 1359 3674 ostendi
1383 3613 1500 3692 potest.
1547 3605 1710 3673 Plutarchi
1733 3626 1807 3672 vero

463 3721 622 3812 ἀθετήσεις
650 3729 772 3794 nullam
802 3729 868 3796 fere
896 3731 1118 3798 auctoritatem
1148 3730 1266 3796 habere
1293 3729 1348 3795 vix
1378 3727 1534 3812 estquod
1557 3748 1656 3813 penes
1680 3726 1808 3794 intelle-

464 3855 576 3931 gentes
599 3848 736 3915 arbitros
759 3871 919 3918 moneam.
966 3852 1059 3918 Unde
1081 3859 1189 3918 autem
1211 3851 1269 3917 illa
1291 3849 1430 3915 maxime
1453 3848 1614 3916 sententia

693 3967 832 4059 αἰγιόχου
856 3974 982 4060 βουλῇσι
1005 3969 1075 4046 Διὸς
1097 3973 1337 4059 νεφεληγερέταο

463 4091 655 4175 interpolata
684 4092 726 4158 sit
756 4091 874 4176 quidve
903 4093 1114 4179 interpolator
1144 4093 1205 4158 sibi
1230 4092 1383 4174 voluerit,
1416 4112 1511 4157 nemo
1541 4089 1620 4156 dicit
1648 4090 1804 4173 dicetque.

465 4212 577 4295 Neque
598 4212 716 4279 iustam
738 4215 899 4281 nonnullis
922 4216 1131 4282 offensionem
1153 4214 1317 4299 praebuit,
1351 4212 1436 4296 quod
1458 4213 1523 4297 Spe
1550 4211 1663 4277 relicta
1683 4211 1809 4295 generis

464 4332 595 4399 humani
616 4355 726 4401 curam
749 4336 909 4420 quandam
931 4310 1076 4422 Iuppiter
1098 4335 1260 4416 habuerit,
1287 4333 1413 4417 dequo
1436 4334 1533 4419 paulo
1555 4339 1630 4432 post
1651 4331 1711 4397 sub
1734 4352 1810 4396 nar-

462 4453 597 4520 rationis
619 4455 739 4522 exitum
761 4457 876 4523 iterum
899 4457 1117 4543 pronuntietur
1138 4477 1170 4522 ν.
1198 4461 1258 4521 105

693 4569 786 4653 οθτως
810 4571 875 4647 οότι
895 4605 936 4664 πη
960 4577 1024 4644 ἔστι
1046 4575 1116 4651 Διὸς
1138 4573 1206 4643 νόον
1229 4577 1422 4649 ἐξαλέασθαι.

464 4702 547 4766 Nam
571 4698 623 4765 hic
644 4720 757 4766 versus
780 4700 856 4784 quin
878 4699 921 4765 ad
943 4698 1185 4765 similitudinem
1206 4697 1412 4782 'l'beogoniae
1434 4717 1466 4761 ν.
1492 4699 1554 4760 613

693 4816 732 4896 ὣς
754 4819 809 4888 oda
831 4822 894 4888 ἔστι
916 4817 987 4895 Διὸς
1010 4820 1121 4907 κλέψαι
1143 4815 1211 4885 νόον
1234 4815 1305 4884 οὐδὲ
1327 4818 1490 4904 παρελθεῖν

464 4945 504 5009 ab
526 4944 752 5029 interpolatore
775 4943 924 5030 adpictus
947 4943 1002 5025 sit,
1037 4942 1092 5006 vix
1114 4939 1253 5006 dubitari
1275 4939 1408 5024 poterit,
1439 4939 1466 5004 si
1489 4938 1671 5004 accuratius
1693 4937 1813 5002 utrius·

436 5110 437 5113 ν
464 5086 527 5150 que
550 5065 741 5132 narrationis
764 5064 859 5130 linem
882 5064 1114 5148 consiliumque
1136 5059 1414 5148 perpenderimus.
1460 5060 1522 5125 Illa
1543 5059 1629 5126 enim
1652 5058 1813 5126 sententia
