4118 6240
466 611 676 669 HIERONYMI
694 613 828 669 RHODII
846 604 1115 670 ΡΕΒΙΡΔΤΕΤΙΟΙ
1132 612 1368 670 FRAGMENTA
1551 616 1592 680 89

246 825 339 872 usum
369 825 462 872 suum
493 805 699 889 converterit,
733 826 971 890 nonnumquam
1001 825 1192 890 cognoscere
1223 806 1276 872 vel
1305 805 1462 891 suspicari
1496 790 1587 872 licet:

246 926 346 993 veluti
375 946 467 992 usum
498 947 569 993 eum
593 945 665 992 esse
689 924 833 992 Platonis
856 926 897 992 de
920 927 1086 1013 republica
1107 926 1198 992 libris
1222 926 1477 993 concludendum
1500 926 1592 993 vide-

245 1054 298 1113 tur
314 1068 354 1114 ex
369 1047 408 1114 ir.
426 1049 546 1130 XVIII,
573 1047 754 1113 Aristotelis
770 1047 914 1114 Politicis
929 1068 970 1114 ex
985 1047 1023 1112 ir.
1043 1048 1107 1112 XX
1135 1046 1184 1130 (cf.
1204 1048 1312 1115 Zeller
1326 1047 1377 1112 die
1392 1047 1514 1112 Philas.
1534 1048 1591 1112 der

250 1168 406 1234 Griechea
427 1170 459 1234 II
483 1172 524 1232 2³
545 1191 578 1255 p.
607 1172 699 1253 151),
730 1168 944 1254 Theophrasti
966 1174 999 1233 et
1021 1167 1279 1235 Chamaeleontis
1308 1168 1399 1234 libris
1422 1168 1463 1236 de
1486 1168 1591 1236 ebrie-

245 1296 312 1357 tate
341 1311 382 1356 ex
404 1291 443 1355 fr.
469 1291 501 1354 II
524 1298 556 1357 et
577 1290 626 1355 III
653 1290 704 1376 (cf.
730 1289 769 1354 fr.
796 1291 860 1372 X),
893 1289 1075 1355 Aristoxeni
1100 1289 1168 1355 vita
1191 1289 1332 1356 Socratis
1355 1310 1396 1356 ex
1418 1290 1458 1356 fr.
1483 1291 1587 1369 XXV,

246 1410 427 1476 Heraclidis
449 1411 573 1477 Pontici
603 1412 683 1477 libro
714 1411 754 1477 de
784 1411 880 1477 rebus
909 1409 1073 1476 amatoriis
1096 1431 1136 1476 ex
1159 1410 1198 1475 fr.
1224 1411 1329 1477 XVII.
1369 1411 1499 1497 Fragm.
1525 1412 1591 1478 XII

247 1551 318 1597 cum
341 1532 449 1597 verbis
471 1532 600 1618 Epicuri
623 1532 808 1616 congruisse
831 1531 942 1598 Cicero
965 1530 1084 1598 diserte
1106 1538 1251 1599 testatur.

333 1653 381 1719 De
403 1653 606 1739 philosophia
621 1654 809 1740 Hieronymi
831 1658 958 1738 praeter
979 1652 1177 1718 notissimam
1192 1652 1282 1719 illam
1298 1675 1393 1738 quam
1409 1654 1450 1722 dc
1467 1674 1591 1721 summo

247 1775 329 1840 bono
350 1774 517 1859 proposuit
538 1775 730 1840 sententiam
751 1774 800 1858 (fr.
819 1775 877 1858 XI)
904 1773 985 1839 nihil
1009 1773 1094 1858 quod
1116 1773 1256 1840 alieuius
1276 1775 1427 1842 momenti
1443 1775 1486 1842 sit
1498 1776 1591 1842 nobit

245 1895 397 1962 traditum
426 1903 485 1962 est.
532 1896 582 1962 De
610 1894 844 1962 narrationibus
875 1914 951 1960 vero
980 1895 1021 1960 ab
1052 1915 1089 1961 eo
1119 1895 1253 1981 prolatis
1275 1895 1354 1980 quid
1383 1896 1589 1962 iudicandum

246 2023 428 2100 quantaque
450 2016 531 2083 tides
550 2023 647 2100 atque
662 2016 837 2082 auctoritas
852 2015 883 2081 ei
899 2016 941 2082 sit
962 2015 1143 2098 tribuenda,
1170 2016 1250 2082 satIs
1266 2024 1390 2084 constat
1415 2017 1466 2100 (of.
1486 2018 1592 2084 Lunae

247 2161 279 2225 p.
299 2141 360 2202 220
374 2140 471 2223 sqq.].
513 2137 659 2203 Sobrium
682 2137 716 2202 in
733 2137 903 2204 tractanda
917 2137 1050 2203 historia
1064 2136 1218 2204 iudicium
1235 2138 1457 2223 sincerumque
1472 2137 1593 2205 verita-

246 2260 288 2326 tis
311 2259 452 2326 studium
474 2257 602 2324 omnino
624 2279 730 2324 rarum
753 2257 815 2324 fuit
836 2259 871 2324 in
893 2258 950 2324 illo
973 2258 1161 2343 scriptorum
1191 2279 1326 2343 genere3
1360 2259 1590 2345 Hieronymum

246 2402 321 2447 vero
332 2400 373 2446 ne
385 2402 405 2445 a
415 2379 593 2446 mendaciis
605 2379 735 2463 quidem
747 2377 1034 2465 impudentissimis
1046 2378 1250 2445 abhorruisse
1266 2380 1346 2445 mibi
1361 2387 1446 2448 certe
1461 2387 1591 2466 propter

246 2502 285 2567 lr.
304 2501 397 2566 XXV
418 2520 608 2586 persuasum
632 2508 691 2567 est.
739 2500 864 2566 Malitia
885 2508 992 2566 autem
1015 2499 1153 2566 bominis
1175 2521 1216 2566 ex
1231 2521 1269 2566 eo
1283 2501 1485 2590 perspicitur,
1504 2500 1591 2586 quod

247 2623 280 2687 in
295 2623 500 2689 Phaedonem
523 2622 563 2688 ob
586 2621 735 2689 servilem
759 2642 855 2704 quam
876 2621 933 2688 ille
956 2641 996 2687 ex
1019 2621 1205 2706 captivitate
1227 2641 1401 2708 perpessus
1423 2628 1493 2689 erat
1513 2642 1590 2689 con-

247 2744 405 2810 dicionem
427 2744 543 2828 probra
564 2743 711 2827 ingerere
733 2764 797 2808 non
820 2749 870 2809 est
890 2742 1011 2808 veritus
1039 2741 1088 2826 (fr.
1105 2743 1147 2824 I).
1194 2742 1308 2828 Itaque
1329 2743 1504 2810 tenendum
1527 2751 1586 2827 est,

246 2864 341 2931 fidem
364 2864 573 2950 perexiguam
596 2864 715 2930 habere
738 2884 958 2948 quaecumque
973 2863 1069 2929 unius
1084 2863 1273 2949 Hieronymi
1288 2864 1467 2931 testimonio
1482 2865 1591 2931 nitun-

245 2991 307 3051 tur.
354 2985 504 3052 Ceterum
527 2985 654 3051 doctum
677 2993 710 3052 ct
731 3004 863 3051 suavem
880 2985 991 3051 Cicero
1008 3005 1080 3050 eum
1097 2985 1241 3071 appellat
1262 2983 1310 3070 (ir.
1329 2986 1377 3050 XI
1392 2988 1421 3071 9)
1441 2986 1590 3071 egregie-

245 3127 308 3189 que
332 3106 455 3173 Graece
485 3107 626 3172 locutum
648 3108 720 3172 esse
747 3105 896 3172 adfirmat
922 3105 971 3190 (i.
997 3106 1045 3170 XI
1069 3106 1119 3189 3),
1153 3126 1257 3189 neque
1280 3112 1330 3172 est
1351 3126 1407 3173 cur
1429 3107 1588 3173 scribendi

245 3249 364 3312 genere
394 3227 473 3294 satis
502 3227 611 3312 lepido
640 3247 679 3293 ae
707 3226 845 3293 iucundo
868 3226 1098 3312 Hieronymum
1120 3245 1214 3292 usum
1236 3226 1389 3311 variaque
1412 3228 1590 3295 eruditione

244 3349 434 3415 instructum
456 3347 558 3415 fuisse
580 3368 753 3434 negemus;
780 3368 853 3413 nam
877 3347 1024 3433 Dionysii
1046 3347 1345 3415 Halieamassensis
1367 3349 1590 3436 reprehensio-

244 3491 318 3537 nem
347 3469 396 3553 (de
419 3489 559 3555 compos.
584 3469 673 3535 verb.
694 3472 758 3553 38),
784 3490 881 3553 quam
904 3468 947 3535 ad
969 3469 1198 3554 Hieronymum
1221 3469 1380 3535 Rhodium
1402 3491 1503 3556 prave
1525 3477 1591 3537 ret·

244 3592 319 3658 tulit
341 3591 474 3658 Grosius
502 3589 638 3675 (Philod.
655 3588 751 3656 Rbet.
776 3611 808 3677 p.
829 3590 931 3675 LVI),
957 3589 1000 3656 ad
1023 3589 1219 3656 Gordianum
1243 3597 1389 3676 spectare
1411 3612 1504 3658 nemo
1526 3613 1588 3659 non

244 3712 341 3779 videt.

251 3840 255 3847 '
330 3835 380 3898 Ex
412 3832 641 3918 posterioribus
674 3831 893 3918 peripateticis
924 3833 1074 3917 Satyrum
1108 3832 1207 3898 libros
1235 3832 1424 3919 Hieronymi
1457 3835 1587 3921 saepius

245 3955 456 4042 exscripsisse
478 3954 646 4040 probabile
668 3961 733 4020 est:
761 3975 793 4019 v.
819 3955 926 4019 Lunae
948 3975 979 4039 p.
1002 3956 1073 4037 194,
1095 3957 1123 4016 1.
1171 3954 1200 4019 Α
1222 3953 1376 4021 Cicerone
1399 3975 1472 4021 eum
1494 3956 1590 4022 Hier-

243 4077 351 4162 onymi
373 4075 635 4143 commentarium
657 4076 711 4144 ubi
734 4077 775 4143 de
790 4076 929 4142 Isocrate
952 4074 1150 4161 disputatum
1173 4074 1235 4141 luit
1256 4075 1374 4142 lectum
1396 4095 1468 4143 esse
1484 4077 1590 4144 elucet

243 4219 284 4265 ex
307 4198 347 4264 fr.
372 4198 486 4277 XXX;
518 4197 559 4264 cf.
586 4198 694 4264 Zellcr
715 4219 747 4283 p.
773 4200 853 4278 925,
880 4201 910 4260 4.
944 4195 1115 4261 Plutarcho
1143 4201 1219 4262 nota
1241 4202 1333 4263 erant
1353 4217 1394 4263 ca
1415 4219 1497 4282 quae
1521 4199 1589 4266 ele-

244 4326 359 4405 ganter
381 4325 414 4386 et
434 4319 564 4401 utiliter,
591 4325 626 4384 ut
647 4319 678 4385 ei
700 4317 880 4398 videbatur,
906 4317 947 4384 de
969 4317 1018 4383 ira
1039 4316 1256 4402 Hieronymus
1277 4317 1510 4404 perscripserat
1536 4320 1584 4405 (fr.

243 4441 330 4524 XIV,
357 4440 397 4506 of.
424 4439 464 4504 fr.
487 4440 578 4504 XIII.
598 4441 683 4522 XV).
730 4438 918 4505 Athenaeus
949 4457 1025 4504 vcro
1056 4459 1130 4505 eum
1161 4438 1277 4505 librum
1306 4438 1361 4505 ubi
1383 4439 1424 4506 de
1447 4441 1588 4507 SocratIs

243 4562 397 4629 uxoribus
419 4560 633 4646 Hieronymus
656 4560 853 4626 disseruerat
867 4597 908 4607 —
924 4558 1114 4644 exposuisse
1137 4565 1246 4625 autem
1267 4558 1329 4626 bac
1351 4559 1392 4627 de
1410 4561 1589 4629 revidetur

244 4685 278 4749 in
299 4684 401 4749 altero
424 4682 708 4768 hypomnematum
731 4681 814 4747 libro
829 4719 872 4729 —
889 4701 924 4747 se
946 4701 1009 4746 non
1025 4679 1146 4746 vidisse
1161 4680 1328 4747 confitetur
1346 4682 1395 4767 (fr.
1414 4682 1523 4748 XXVI
1539 4685 1583 4769 2).

329 4805 367 4869 In
390 4801 600 4889 disponendis
623 4802 809 4888 Hieronymi
833 4800 980 4885 reliquiis
1002 4801 1087 4866 hanc
1108 4800 1263 4867 rationem
1286 4809 1415 4869 secutus
1438 4824 1525 4887 sum,
1551 4810 1588 4871 ut

245 4925 348 5011 priore
370 4925 440 4991 loco
463 4943 520 4990 eas
542 4942 692 5010 ponerem
715 4906 799 5007 quae
822 4922 943 4988 additis
958 4921 1111 4988 librorum
1126 4921 1229 4989 titulis
1244 4923 1335 4990 nobis
1351 4931 1498 4991 seruatae
1514 4933 1589 4993 sunt

249 5047 296 5132 [fr.
323 5047 444 5131 I—X),
476 5042 652 5131 posteriore
675 5063 731 5110 eas
754 5064 837 5128 quae
860 5042 946 5109 unde
969 5049 1115 5129 sumptae
1138 5043 1203 5110 sint
1224 5064 1288 5110 non
1311 5053 1585 5131 commemoratur,
