4452 6384
709 775 714 798 ο
797 747 847 802 DE
866 745 973 802 FORlS
992 743 1231 800 ATHENARUM
1627 747 1687 810 163

342 946 429 1022 nata,
455 939 501 1004 ita
516 945 550 1004 ut
565 959 605 1004 ex
622 938 691 1004 eins
707 938 836 1004 silentio
851 944 1074 1022 argumentum
1097 944 1204 1021 petere
1228 957 1291 1002 non
1313 936 1454 1018 liceatb.
1502 936 1569 1000 Hoc
1592 935 1689 1020 igitur

342 1059 427 1140 loco,
461 1058 503 1124 ad
525 1059 734 1124 meridionale
763 1059 847 1124 arcis
872 1059 975 1138 latus,
1009 1057 1274 1142 Cydathenacum
1303 1056 1431 1122 demum
1462 1057 1557 1122 situm
1588 1056 1689 1123 luisse

341 1179 565 1264 plerorumque
596 1179 736 1244 virorum
760 1179 921 1245 doctorum
950 1178 1058 1263 opinio
1088 1186 1155 1260 est,
1188 1198 1282 1262 quam
1313 1178 1384 1262 ipse
1411 1197 1536 1262 quoque
1560 1197 1685 1264 sequor,

342 1321 533 1384 quamquam
556 1301 640 1366 bene
670 1300 736 1365 scio
765 1299 1003 1385 topographicis
1025 1299 1159 1386 ¹indiciis
1188 1298 1283 1364 certis
1315 1318 1374 1364 nos
1397 1300 1550 1382 carere2).
1598 1299 1691 1366 Faus

344 1420 386 1485 ad
409 1420 468 1488 hoc
491 1422 594 1487 forum
610 1420 804 1488 adiacebant
819 1420 925 1487 Liberi
941 1439 1012 1484 cum
1028 1419 1161 1494 theatro,
1188 1420 1376 1504 Aesculapii
1392 1440 1463 1484 cnm
1479 1419 1577 1502 sonte,
1603 1420 1691 1488 The-

344 1541 457 1622 midis,
490 1542 623 1608 Veneris
651 1548 683 1607 et
706 1541 884 1622 Suadelae,
917 1541 1056 1606 Telluris
1087 1548 1119 1606 et
1141 1541 1268 1606 Cereris
1301 1539 1371 1626 (Γῆς
1401 1536 1617 1629 Κουροτρόφου
1640 1541 1690 1607 καὶ

345 1657 504 1750 Δίμητρος
527 1659 663 1749 Χλόης),
691 1663 839 1748 sepulcra
861 1661 969 1728 Calois
992 1668 1025 1727 et
1047 1661 1214 1747 Hippolyti
1238 1661 1357 1727 Thesei
1379 1659 1447 1726 lilii.
1495 1661 1583 1728 llaec
1606 1663 1692 1728 Pau-

345 1783 454 1849 sanias
477 1791 645 1850 enumerat
671 1788 733 1866 til,
754 1787 870 1863 6-nn,
891 1785 943 1864 Sl:
978 1782 1040 1848 loci
1063 1782 1318 1867 perscrutatione
1347 1802 1449 1868 nuper
1473 1782 1620 1849 instituta
1641 1784 1693 1849 in-

303 1944 304 1947 =
346 1912 517 1970 notuerunt
538 1911 664 1990 praeter
687 1905 824 1970 alterum
847 1903 965 1970 iontem
984 1923 1076 1970 sacra
1099 1903 1329 1988 nympharum,
1355 1902 1453 1968 Isidis
1476 1910 1508 1969 et
1529 1903 1689 1988 Herculis,

346 2025 482 2092 sortasse
506 2025 601 2092 etiam
618 2025 716 2092 Panis
739 2032 771 2092 et
785 2025 933 2091 Mercurii
944 2027 980 2106 ³).
1028 2025 1146 2090 Forum
1170 2024 1346 2109 porticibus
1369 2031 1516 2090 ornatum
1538 2033 1617 2110 erat,
1642 2027 1693 2092 al-

346 2153 415 2212 tera
437 2146 605 2212 interduo
628 2147 754 2212 theatra
776 2146 849 2228 sita,
875 2167 959 2230 qnae
981 2145 1163 2230 nuperrime
1186 2145 1304 2210 effossa
1319 2152 1379 2228 est,
1405 2146 1507 2212 altera
1522 2145 1689 2232 Eumenia,

347 2288 431 2352 quae
454 2267 627 2334 secuudum
651 2267 829 2332 Vitruvium
858 2267 906 2351 (V,
925 2269 954 2352 o)
986 2271 1077 2352 ‘post
1099 2269 1245 2332 scenam'
1277 2265 1393 2333 theatri
1416 2267 1589 2334 constituta
1610 2275 1690 2352 erat,

346 2389 493 2473 idemque
515 2388 683 2454 arboribus
705 2388 912 2472 consitumil.
959 2389 1064 2470 Atque
1092 2387 1273 2453 etiamnunc
1301 2387 1411 2454 videre
1440 2388 1515 2454 licet
1543 2388 1694 2457 hocloco

347 2531 453 2576 aream
478 2510 597 2576 faisse:
623 2531 697 2575 uam
721 2509 861 2594 porticus
885 2507 1051 2574 interduo
1074 2507 1200 2573 theatra
1215 2507 1362 2574 conditae
1385 2515 1418 2574 et
1432 2508 1506 2575 viae
1522 2529 1604 2593 qnae
1619 2519 1695 2578 ante

348 2653 418 2698 eum
443 2639 513 2698 erat
535 2631 728 2696 directiones
750 2650 814 2694 non
836 2627 1007 2694 concinunt
1039 2628 1122 2694 inter
1150 2649 1185 2694 se
1215 2649 1319 2712 neque
1349 2649 1496 2713 umquam
1527 2631 1695 2700 concinere

347 2759 518 2836 potuerunt
547 2759 678 2836 propter
707 2751 938 2836 prominentem
971 2748 1089 2815 Bacchi
1116 2749 1228 2834 templi
1257 2750 1426 2832 angulum:
1468 2750 1501 2816 id
1531 2752 1615 2836 quod
1644 2753 1696 2820 hio

348 2873 451 2939 locum
476 2872 638 2958 publicum
662 2870 808 2936 extitisse
831 2871 916 2936 clare
939 2869 1089 2936 ostendit.
1137 2869 1258 2949 Quodsi
1287 2869 1383 2936 huius
1405 2870 1466 2938 lori
1492 2872 1694 2958 splendorem

347 2993 454 3059 animo
475 2991 731 3079 reputaverimus
753 2999 849 3074 atque
871 2991 1080 3057 sacrariorum
1103 2990 1352 3074 multitudinem,
1378 2991 1532 3078 principis
1559 2994 1695 3060 alicuius

348 3114 434 3181 demi
467 3114 500 3180 id
538 3113 639 3179 inisse
672 3111 900 3193 concedemus,
940 3113 993 3198 qui
1030 3111 1159 3197 quidem
1192 3112 1225 3178 ni
1262 3111 1356 3178 lalior
1389 3112 1501 3180 demus
1534 3115 1697 3199 Oydatbe-

350 3256 465 3302 nasum
489 3235 560 3301 tuit.

435 3354 606 3420 Difficilior
628 3362 677 3419 est
698 3353 843 3438 quaestio
866 3352 906 3419 de
929 3353 997 3419 loro
1020 3353 1106 3420 demi
1128 3353 1270 3434 Melitae,
1296 3353 1381 3438 quod
1404 3355 1479 3421 olirn
1502 3357 1698 3441 Rangahens

349 3477 381 3542 in
410 3477 503 3542 titulo
533 3475 671 3560 quodam
702 3475 899 3542 nominatum
929 3493 1001 3540 esse
1031 3473 1115 3541 salso
1143 3476 1292 3560 opinatus
1323 3477 1437 3560 erati).
1485 3477 1698 3544 Athenienses

349 3618 440 3680 vero,
467 3604 501 3663 ut
524 3596 601 3662 mihi
624 3595 752 3679 quidem
775 3597 840 3662 iarn
864 3595 919 3663 dia
942 3615 1131 3680 persuasum
1155 3602 1220 3678 est,
1251 3595 1466 3663 Melitensium
1490 3598 1591 3664 lorum
1614 3619 1698 3684 pny-

354 3791 559 3800 Ἥ

1065 3819 1073 3849 l

441 3909 455 3971 ¹}
479 3909 538 3963 vid.
559 3907 682 3962 Koehler
701 3908 793 3961 Mitto.
815 3906 841 3960 ll
860 3925 887 3977 p.
905 3909 961 3960 lib.

437 3995 457 4056 ¹·'l
478 3994 707 4049 Waohsmuthius
725 4011 752 4063 p.
770 3995 830 4045 301.
851 3996 911 4046 351.
932 3995 982 4044 lbi
1001 4001 1099 4048 contra
1118 3993 1189 4049 hanc
1207 3996 1367 4064 opinionem
1387 3996 1556 4066 disputarit:
1578 3996 1629 4051 scd
1649 3995 1699 4066 ἔμ-

352 4079 462 4152 προσθεν
479 4087 527 4151 τῆς
545 4080 710 4148 ἀκροπόλεως
732 4081 845 4142 (Herod.
866 4080 945 4142 VIII,
967 4083 1025 4146 53),
1050 4081 1153 4150 quibus
1176 4082 1271 4136 verbis
1292 4083 1514 4151 septentrionale
1532 4083 1605 4136 arnis
1623 4081 1699 4137 latus

353 4169 533 4236 designatur,
561 4167 763 4236 descriptoris
782 4173 876 4221 aetate
895 4167 985 4232 valet,
1013 4181 1104 4236 aeque
1123 4182 1158 4220 ex
1177 4165 1326 4222 Strabonis
1344 4169 1404 4222 sive
1423 4168 1619 4223 Eratosthenis
1637 4184 1701 4223 ror-

351 4255 396 4310 bis
415 4271 500 4324 supra
518 4269 545 4322 p.
569 4255 616 4306 1⁵³
641 4254 736 4308 allatis
761 4255 889 4322 sequitur
906 4253 1031 4307 Melitam
1050 4259 1079 4306 et
1098 4253 1240 4324 Collytum
1265 4254 1362 4308 demon
1387 4255 1575 4309 conterminos
1593 4251 1697 4309 fuisse:

352 4341 457 4410 alioqui
476 4341 596 4410 scriptor
615 4341 707 4410 μεταξὺ
728 4337 841 4410 Μελίτης
859 4340 904 4393 aui
922 4335 1056 4394 Κολυττοῦ
1075 4340 1171 4394 dicere
1190 4340 1322 4395 debebat.
1355 4340 1501 4410 Ternplum
1519 4356 1587 4396 vcro
1600 4341 1703 4395 Miner-

352 4443 405 4481 vae
424 4426 551 4480 Polisdia
570 4427 596 4480 iu
616 4427 799 4480 altissimo
818 4427 879 4479 saxi
899 4431 990 4481 tractu
1009 4427 1152 4479 conditum
1171 4431 1224 4490 est,
1245 4426 1292 4496 qui
1311 4441 1378 4480 sane
1396 4427 1433 4482 ad
1452 4427 1700 4496 septentrionalem

354 4515 495 4568 deiectum
512 4527 599 4580 prope
618 4512 740 4566 accedit.

439 4599 458 4662 ³,
480 4599 570 4653 Huius
582 4599 705 4666 regionis
718 4599 754 4653 ab
767 4599 905 4651 socictate
919 4596 1131 4664 archaeologica
1142 4596 1309 4652 Atheniensi
1322 4599 1387 4653 inde
1400 4598 1438 4654 ab
1451 4599 1479 4653 d.
1494 4601 1533 4652 19.
1545 4615 1581 4652 m.
1594 4597 1702 4670 Aprilis

353 4703 378 4740 a.
408 4687 472 4736 ibib·
497 4685 618 4738 effossae
648 4684 887 4738 accuratissimam
918 4683 1138 4737 delineationem
1161 4684 1242 4737 dedit
1271 4683 1304 4738 E.
1333 4683 1448 4739 Curtius
1471 4686 1553 4740 Atlas
1575 4686 1634 4740 tub.
1661 4685 1702 4740 Xl

353 4789 380 4840 p.
395 4773 429 4823 et
456 4769 502 4836 (ci.
523 4771 647 4824 Koehler
666 4770 685 4824 l.
706 4770 724 4824 l.
745 4777 774 4823 et
798 4777 946 4838 praeterea
969 4763 1107 4840 'Abisarae
1133 4770 1199 4825 iude
1218 4786 1235 4824 a
1253 4777 1329 4825 torno
1348 4771 1374 4826 V
1392 4787 1418 4840 p.
1435 4774 1466 4824 il
1485 4773 1612 4842 passim).
1649 4773 1702 4828 Cui

353 4857 467 4912 tabulae
486 4857 540 4910 iam
558 4855 684 4926 porticus
702 4857 777 4910 inter
795 4855 935 4910 theatrum
948 4855 1052 4910 Bacchi
1072 4863 1101 4910 et
1113 4856 1235 4912 Herodis
1248 4856 1338 4912 Attici
1357 4858 1459 4912 odeum
1475 4865 1575 4928 postea
1587 4859 1703 4915 inuenta

355 4944 505 4999 inserenda
523 4949 577 4998 est.

438 5031 457 5096 ⁴}
479 5029 699 5100 Erisyche-vv.
722 5026 840 5100 Aiqtipoa
860 5026 915 5080 lta.
943 5021 1006 5100 llap’
1023 5027 1205 5102 alpsipcubta.
1234 5023 1352 5100 htuaap'
1371 5029 1492 5104 αἰγείρῳ).
1520 5031 1699 5088 Stridsvv.

353 5109 416 5172 'Aa'
434 5116 546 5188 alpsipou
565 5115 622 5170 lte.
643 5114 771 5188 Αἵγειρος.

439 5205 459 5270 5)
480 5203 583 5274 antiqu.
599 5203 659 5256 tell.
675 5202 701 5258 11
720 5218 747 5272 p.
764 5205 814 5254 teo
826 5221 853 5258 n.
869 5205 933 5256 set:
955 5203 1024 5276 ripole
1037 5202 1141 5276 eppe:
1155 5200 1348 5270 hisllulfitlom:
1369 5211 1401 5258 at
1419 5201 1456 5257 cs.
1472 5203 1504 5258 C.
1521 5204 1542 5258 1.
1558 5203 1593 5258 A.
1615 5205 1628 5260 1
1642 5207 1699 5258 toi.

1442 5309 1495 5360 il*
