4452 6384
492 755 543 812 DE
561 754 802 814 COMMUNIBUS
821 757 870 812 ET
889 754 1084 813 consuens
1102 754 1324 824 QUIBUSDAM
1344 753 1576 812 GRAECORUM
1646 755 1700 818 i'l'l

359 953 436 1031 quot
470 947 548 1012 olim
585 945 758 1014 attributae
795 947 892 1013 etiam
929 955 1042 1032 quarto
1075 949 1205 1014 saeculo
1238 948 1383 1030 integrae
1417 951 1704 1012 conservarentur:

363 1074 459 1151 atque
489 1066 522 1133 id
550 1067 657 1152 ipsum
680 1067 789 1134 nescio
812 1089 854 1133 an
878 1071 1102 1154 comprobetur
1128 1069 1307 1152 fragmento
1330 1065 1475 1132 laterculi
1498 1065 1531 1130 in
1554 1064 1634 1131 Chio
1657 1065 1708 1130 in-

361 1187 434 1254 sula
456 1187 580 1274 etipse
603 1208 705 1274 nuper
725 1195 851 1274 reperto
880 1191 978 1272 (Ball.
1006 1192 1044 1254 de
1066 1213 1148 1254 corr.
1174 1189 1248 1254 boll.
1274 1189 1323 1254 lll
1350 1191 1431 1252 1879
1454 1208 1487 1272 p.
1507 1187 1578 1271 323)

862 1308 1136 1398 slll0TTE¹lll

926 1432 1151 1518 quoqsulblur]

927 1553 1089 1641 Θραικίδαι

927 1676 955 1739 οἱ
981 1671 1142 1763 Τηλάγρου

926 1798 953 1860 οἱ
967 1790 1094 1884 Ἕρμιος
1178 1877 1181 1882 ¹

927 1919 954 1982 ol
981 1915 1205 2006 Διονυσοδώρου

962 2036 1013 2104 καὶ
1036 2039 1238 2105 Ποσειδίππου

361 2160 415 2224 ubi
442 2160 585 2244 gentium
617 2169 649 2226 et
679 2159 873 2226 familiarum
902 2160 1084 2226 nominibus
1112 2159 1253 2226 recensis
1283 2160 1316 2224 in
1345 2179 1439 2225 versu
1463 2159 1565 2244 primo
1588 2157 1702 2224 litteris

241 2291 245 2305 '
360 2279 534 2347 maioribus
557 2289 697 2363 exarato,
724 2302 819 2365 quem
842 2281 944 2348 editor
962 2301 1130 2366 perperam
1147 2280 1362 2366 supplendum
1378 2287 1469 2366 putat
1486 2279 1698 2363 llcrreclbbal,

360 2401 522 2487 phratriae
544 2422 659 2468 nomen
684 2404 915 2488 praescriptum
938 2423 1010 2468 esse
1033 2401 1165 2484 dixeris,
1194 2401 1293 2468 veluti
1319 2401 1538 2486 lljplolalceigl
1564 2401 1616 2466 vel
1639 2401 1703 2466 tale

360 2522 448 2605 quid.
495 2523 646 2588 Attamen
676 2524 770 2606 longe
797 2523 909 2588 maiori
932 2543 1064 2590 numero
1086 2521 1202 2589 civium
1226 2543 1305 2608 quos
1328 2523 1471 2609 phratria
1493 2523 1704 2608 comprehen-

358 2642 442 2707 derit
471 2643 546 2708 iam.
563 2650 630 2710 tum
660 2665 723 2708 non
754 2643 854 2709 fuisse
885 2645 946 2709 nisi
977 2645 1082 2710 lictam
1112 2644 1326 2729 gentilitatem
1361 2651 1393 2710 et
1420 2643 1627 2710 manifestum
1656 2652 1705 2710 est

357 2765 452 2830 etde
475 2765 541 2830 illis
563 2765 702 2830 maxime
724 2764 906 2830 civitatibus
929 2766 1122 2832 Graecorum
1147 2765 1337 2831 Asianorum
1361 2764 1489 2831 disertis
1511 2764 1703 2831 testimoniis

359 2884 511 2950 firmatur.

446 3007 513 3071 lam
544 3027 583 3072 ex
606 3005 808 3090 Clytidarum
839 3007 977 3073 decretis
999 3007 1147 3074 curstodia
1170 3027 1331 3072 sacrorum
1354 3029 1374 3072 a
1397 3006 1532 3092 privatis
1555 3006 1703 3072 domibus

358 3126 391 3192 in
422 3147 586 3192 commune
617 3127 725 3192 lanum
757 3129 913 3194 translata
942 3129 1149 3213 praecipuum
1174 3127 1333 3212 quoddam
1356 3128 1407 3194 ius
1429 3127 1622 3194 familiarum
1646 3149 1704 3213 pa-

358 3247 538 3328 triciarum,
571 3247 699 3333 opinor,
732 3248 861 3314 tollitur.
911 3247 1002 3326 Quae
1032 3269 1082 3315 res
1113 3271 1169 3335 per
1199 3270 1234 3314 se
1257 3249 1433 3315 levidensis
1454 3257 1511 3315 aut
1532 3249 1625 3314 fallor
1647 3256 1703 3314 aut

359 3369 458 3434 multo
486 3368 643 3452 graderis
672 3370 929 3436 commutationis
960 3376 1034 3436 nota
1057 3379 1089 3436 et
1111 3379 1273 3456 tamquam
1296 3371 1444 3436 clausula
1465 3370 1621 3454 quaedam
1645 3391 1704 3454 ap
1787 3393 1796 3408 ¹

358 3497 459 3573 paret.
496 3490 653 3555 Nimirum
677 3491 826 3576 proclivis
849 3492 988 3576 suspicio
1012 3499 1071 3572 est,
1097 3492 1152 3575 qui
1175 3511 1275 3574 usque
1298 3491 1380 3556 adeo
1403 3491 1553 3556 custodes
1575 3491 1701 3556 illorum

358 3631 521 3675 sacrorum
555 3609 699 3694 suerunt,
736 3611 909 3678 eorundem
939 3611 1115 3694 antiquitus
1145 3612 1235 3697 ipsos
1264 3633 1468 3697 possessores
1499 3613 1701 3696 cultoresque

358 3731 538 3816 peculiares
568 3732 686 3812 luisse,
720 3753 824 3817 eaque
853 3753 944 3798 sacra
966 3741 1109 3818 tempore
1138 3733 1330 3817 procedente
1353 3733 1481 3799 demum
1504 3753 1543 3798 cx
1567 3731 1702 3818 propriis

359 3859 392 3918 et
421 3852 555 3936 privatis
584 3854 780 3934 communia,
816 3874 856 3918 ex
885 3853 1059 3937 gentiliciis
1083 3853 1245 3938 phratrica
1267 3853 1393 3920 reddita
1414 3875 1503 3933 esse,
1538 3861 1701 3918 attamen

359 3971 475 4038 exinde
510 3973 653 4058 pristinis
686 3973 855 4040 domiciliis
888 3973 1056 4040 dumtaxat
1089 3973 1248 4040 servanda
1284 3975 1550 4058 relinquerentur.
1607 3972 1701 4051 Quod

358 4113 429 4157 cum
460 4099 563 4160 statuo
586 4115 648 4160 non
671 4114 798 4170 vereor,
825 4117 865 4160 ne
888 4096 980 4176 Tim,
1008 4095 1204 4160 Hennaxuu
1227 4097 1367 4176 Saurar,
1395 4093 1545 4160 hariolari
1569 4093 1698 4160 uidear:

358 4213 411 4296 qui
442 4235 523 4296 quas
550 4215 722 4300 pervices
752 4216 923 4282 societates
952 4215 1196 4300 antiquissimae
1225 4237 1246 4281 a
1273 4215 1464 4300 gentilitatis
1493 4215 1701 4282 fundamento

356 4333 517 4418 proiectae
547 4334 776 4421 pedetemptim
806 4337 838 4402 iu
868 4335 1015 4402 ciuitates
1037 4336 1195 4402 creverint
1216 4343 1248 4402 et
1271 4345 1392 4420 quanta
1414 4337 1526 4421 religio
1549 4337 1645 4402 fucrit
1667 4336 1700 4402 in

357 4454 545 4538 antiquioris
574 4463 676 4523 status
705 4458 731 4523 si
760 4479 822 4523 nou
846 4457 948 4524 forma
969 4465 1003 4523 at
1026 4458 1138 4523 umbra
1161 4457 1345 4540 retinenda,
1378 4457 1475 4543 probe
1497 4463 1698 4543 perspectum

356 4575 488 4656 habeus.
536 4579 649 4660 Neque
683 4577 799 4645 desunt
828 4579 979 4664 exempla
1007 4577 1128 4643 similia
1157 4577 1197 4644 de
1226 4578 1300 4644 aliis
1329 4577 1513 4644 civitatibus
1543 4578 1699 4644 Graeciae

355 4696 471 4762 relata:
506 4717 546 4764 ex
575 4698 693 4781 quibus
723 4699 818 4766 simul
848 4720 909 4783 quo
940 4699 1049 4766 valeat
1076 4698 1232 4766 eiusmodi
1262 4699 1396 4766 mutatio
1421 4706 1507 4766 recte
1529 4699 1699 4766 aestimare

355 4816 474 4884 licebit.

440 4938 682 5006 Nobilissimum
705 4949 755 5008 est
777 4941 817 5008 de
833 4941 1082 5008 Atheniensibus
1102 4949 1135 5008 et
1150 4941 1388 5028 Cyrenensibus
1404 4941 1585 5008 Aristotelis
1607 4935 1700 5008 t'esti—

358 5059 498 5125 monium
529 5061 561 5126 in
592 5062 792 5148 politicorum
822 5063 957 5148 septimo
991 5063 1054 5149 (qui
1084 5063 1158 5128 olim
1190 5069 1301 5128 sextus
1330 5063 1563 5146 numerabatur!
1594 5066 1630 5143 2,
1663 5067 1695 5127 ll

354 5200 386 5266 p.
416 5185 513 5265 1319,
548 5183 601 5249 ubi
630 5185 763 5270 exponit
790 5185 907 5267 quibus
936 5185 1058 5250 artibus
1087 5183 1300 5250 multitudinis
1324 5183 1506 5250 dominatus
1530 5183 1697 5250 fulciatur:
