4206 6248
510 655 551 718 20
1034 653 1066 711 0.
1087 653 1332 712 WAOHSMU'PH

597 842 642 928 38
665 839 744 915 Δόξα
765 842 817 909 καί
839 845 965 917 πλοδτος
988 837 1060 910 ἄνευ
1083 846 1229 920 συνέσεως
1252 842 1307 913 οὐκ
1330 843 1454 934 ἀσφαλῆ
1478 842 1625 932 κτήματα.

546 987 576 1009 -·
596 963 674 1020 Stob.
696 963 755 1019 flor.
776 964 867 1022 11182
889 961 1082 1037 (Δημοκρίτου).

597 1135 642 1203 39
658 1134 696 1202 Ἡ
720 1137 844 1202 παιδεία
866 1133 1006 1226 καθάπερ
1029 1134 1182 1225 εὐδαίμων
1204 1135 1294 1228 χοίρα
1316 1136 1414 1206 πάντα
1435 1136 1472 1205 τὰ
1496 1135 1599 1227 οίχαοὰ
1622 1139 1720 1227 φέρει.

545 1282 576 1304 =
596 1257 675 1314 Stob.
696 1259 787 1326 eclog.
806 1256 834 1312 11
853 1261 882 1310 31
905 1259 933 1313 in
952 1258 1011 1314 flor.
1032 1261 1117 1316 Lour.
1136 1277 1164 1331 ρ.
1185 1262 1244 1327 203,
1265 1262 1298 1313 20
1319 1266 1372 1326 (τοῦ
1390 1260 1468 1314 αυτοῦ
1487 1262 1505 1315 i.
1526 1276 1550 1316 ο.
1574 1259 1748 1334 Σωκράτους).

595 1426 695 1498 4οἫ
718 1430 841 1496 παιδεία
863 1422 965 1519 ὥσπερ
986 1428 1098 1519 χρυτδν
1121 1434 1152 1499 ἐν
1174 1433 1261 1500 παντί
1283 1429 1366 1522 τόπερ
1388 1434 1483 1519 τιμία.

544 1574 575 1598 =
595 1553 708 1607 Maxim.
723 1554 752 1604 17
765 1568 793 1621 p.
805 1552 865 1622 580,
877 1555 979 1605 25-20
994 1552 1034 1619 (ἐκ
1045 1559 1090 1608 τοῦ
1104 1550 1289 1626 Δημοκράτους
1298 1552 1461 1627 Ἰσοκράτους
1473 1554 1516 1608 καὶ
1528 1546 1705 1624 Ἐπικτήτουίς
1726 1553 1852 1609 Gnomio.

595 1638 683 1692 Basil.
703 1654 731 1707 p.
754 1639 847 1693 loon.
872 1640 920 1692 168
942 1638 964 1704 (δ
982 1638 1058 1698 αὐτὸς
1086 1640 1113 1706 (ἰ.
1134 1656 1159 1694 θ.
1180 1639 1351 1714 Δημόκριτος]
1378 1641 1454 1714 {qam
1480 1639 1579 1695 Gnom.
1600 1640 1683 1695 Voss.
1704 1658 1731 1695 n.
1751 1643 1784 1692 08
1803 1639 1852 1694 ίοί.

593 1726 641 1776 ειν
662 1724 760 1791 (item).

595 1896 638 1965 4l
662 1893 713 1963 Ἐν
737 1897 790 1984 μὲν
812 1897 936 1985 πολέμῳ
959 1894 1033 1985 πρδς
1056 1893 1225 1986 ἀσφάλειαν
1248 1900 1368 1987 σίδηρος
1390 1904 1505 1988 χρυσοῦ
1528 1899 1680 1985 κρείττων,
1706 1900 1737 1964 ἐν
1760 1898 1794 1964 δὲ
1808 1902 1852 1986 τῷ

509 2025 561 2107 ξῆν
585 2016 727 2106 λογισμὸς
748 2015 889 2086 πλοιίτου.

544 2164 576 2187 =
594 2141 670 2196 Flor.
684 2141 759 2196 Mon.
773 2142 816 2205 30,
837 2140 918 2195 Leid.
933 2142 981 2206 3²;
1002 2138 1083 2196 Stob.
1097 2140 1157 2195 flor.
1174 2140 1294 2196 LXXXI
1310 2145 1339 2196 12
1361 2141 1533 2212 (Σωκράτους)
1547 2161 1553 2206 ;
1573 2140 1685 2196 Maxim.
1704 2140 1734 2191 12
1747 2157 1775 2210 p.
1790 2141 1850 2201 508,

591 2229 623 2280 11
647 2224 844 2298 (Πλουτάρχου).

591 2399 637 2466 42
660 2398 735 2474 Τοῖς
757 2397 811 2486 ρίν
832 2394 939 2466 πόλεσι
959 2394 998 2465 τὰ
1019 2397 1125 2486 τείχη,
1157 2401 1221 2473 ταῖς
1251 2399 1286 2465 δὲ
1314 2395 1429 2474 οὐσίαις
1452 2395 1469 2466 δ
1490 2400 1525 2465 ἐκ
1546 2398 1684 2474 παιδείας
1706 2402 1775 2473 νοῦς
1797 2395 1850 2466 κί-

506 2547 579 2609 σρον
603 2519 655 2587 καί
677 2515 848 2608 ἀσφάλειαν
869 2520 1048 2609 παρέχεται.

541 2667 572 2689 =
591 2642 697 2698 Anton.
712 2643 772 2697 150
790 2658 818 2712 p.
833 2643 875 2707 50,
890 2644 924 2693 10
936 2639 1024 2696 Goon.
1046 2639 1225 2713 (Δημοκρίτου)
1238 2662 1244 2707 ς
1264 2641 1345 2698 Stob.
1366 2641 1418 2695 ool.
1434 2642 1462 2698 11
1474 2644 1504 2693 31
1525 2642 1554 2696 in
1572 2641 1633 2696 flor.
1647 2643 1731 2697 Laut.
1746 2659 1774 2711 ρ.
1788 2643 1849 2708 200,

591 2730 621 2781 21
638 2727 760 2784 Meiuek.
783 2727 822 2791 (ἐκ
839 2735 891 2780 τῶν
906 2722 1094 2796 Ἀριττοινὺμου
1111 2727 1241 2799 τομαρίων
1258 2727 1303 2781 καὶ
1321 2723 1501 2796 Σωκράτους)ς
1522 2726 1633 2781 Maxim.
1651 2730 1680 2779 11
1700 2745 1727 2798 p.
1743 2730 1800 2791 580,
1817 2731 1846 2781 31

592 2813 732 2887 [Momm
751 2830 817 2870 num
834 2807 1018 2885 Ἀριστωνύμου
1026 2815 1061 2882 3).

590 2986 635 3054 43
652 2983 742 3054 Ὁδοῦ
764 2985 816 3053 καί
837 2986 974 3062 παιδείας
997 2982 1090 3052 κακὸν
1112 2980 1379 3073 ἀποπλανηθῆναι.

538 3131 570 3155 =
588 3102 693 3163 Anton.
714 3109 728 3164 1
747 3109 777 3160 21
798 3125 825 3179 ρ.
840 3109 883 3173 20,
899 3110 930 3161 31
952 3110 1026 3179 (post
1043 3107 1267 3171 Plutaroheom),
1288 3107 1400 3162 Maxim.
1422 3108 1455 3158 35
1472 3124 1500 3178 p.
1514 3108 1574 3172 025,
1590 3108 1623 3160 22
1644 3112 1719 3178 {post
1731 3109 1849 3164 eaodem

589 3195 795 3259 Plutarchoom,
814 3192 936 3265 Χαρικλ,
955 3210 1018 3250 cum
1037 3195 1066 3250 io
1083 3194 1244 3250 Bibittiooo
1261 3193 1426 3249 Charicleoo
1444 3195 1549 3250 rectius
1566 3195 1693 3264 proximo
1711 3195 1851 3254 adscribi-

590 3285 661 3348 tur);
682 3281 743 3338 flor.
763 3283 847 3338 Laur.
866 3297 895 3351 p.
915 3282 976 3343 242.
1000 3283 1009 3332 l
1030 3280 1115 3336 Mein.
1138 3278 1337 3352 (Πλουτάρχου).

588 3453 634 3521 44
656 3450 733 3528 Τοὺς
755 3448 838 3529 υίοιίς
860 3479 915 3520 σου
937 3447 1087 3525 σποιίδαίε
1109 3453 1363 3538 πεπαιδευμένους
1384 3445 1462 3541 ἤπερ
1477 3454 1637 3527 πλουσίους
1651 3456 1846 3520 καταλιπεῖν·

502 3577 667 3666 κρείττονες
688 3572 747 3665 γὰρ
771 3576 803 3640 αί
823 3577 883 3641 τῶν
905 3574 1151 3661 πεπαιδευμένων
1175 3575 1293 3647 ἐλπίδες
1315 3568 1334 3661 ἢ
1358 3568 1374 3640 δ
1397 3577 1456 3639 τῶν
1479 3570 1608 3660 ἀραῦῶν
1630 3578 1768 3650 πλοῦτος.

536 3721 567 3744 =
586 3692 692 3753 Anton.
706 3697 736 3753 11
748 3698 764 3749 9
776 3713 804 3767 p.
818 3697 861 3762 31,
876 3698 892 3749 0
906 3693 1092 3767 (Ἐπικτήτου).
1112 3694 1214 3750 Prior
1231 3711 1312 3764 poro
1333 3698 1430 3765 (usquo
1448 3696 1484 3750 od
1502 3695 1662 3761 καταλιπεῖν)
1683 3720 1714 3743 =
1733 3697 1846 3752 Maxim.

587 3786 620 3836 23
639 3800 667 3853 p.
687 3784 746 3847 604,
767 3785 801 3834 40
823 3781 863 3848 (ἐκ
879 3787 925 3835 τοῦ
940 3777 1097 3853 Ἐπικτήτου
1117 3780 1266 3854 ἐγχειριδίου
1284 3781 1328 3834 καί
1351 3777 1538 3852 ’ίοοκράτους);
1565 3783 1750 3853 posterior
1768 3799 1849 3852 pars

587 3893 619 3915 =
639 3868 700 3923 flor.
718 3868 792 3923 Mon.
813 3869 838 3932 9,
858 3868 941 3924 Loid.
961 3869 986 3931 3,
1007 3883 1067 3924 οκο.
1088 3868 1213 3925 vindob.
1237 3869 1277 3933 18,
1296 3866 1432 3938 Georgid.
1452 3884 1479 3938 ρ.
1494 3869 1537 3932 10,
1553 3872 1584 3933 83
1605 3868 1686 3926 Stob.
1700 3869 1753 3925 ool.
1775 3870 1843 3924 1131

585 3956 614 4012 in
632 3955 692 4012 flor.
712 3956 796 4011 Lour.
816 3971 844 4027 p.
865 3956 925 4018 202,
947 3955 977 4008 11
1000 3952 1193 4028 (Δημοκρίτου).

504 4133 709 4143 ---———

602 4247 825 4307 ADNOTATIO
844 4247 1000 4307 CRITIOA

566 4334 604 4391 88
622 4338 733 4400 ξυνίοιος
751 4334 832 4392 Stob.
863 4338 875 4404 ΙΙ
905 4334 1024 4409 δοφαλία
1042 4335 1123 4394 Stob.

566 4422 605 4477 40
622 4431 669 4494 της
687 4421 801 4482 παιδείας
819 4423 905 4494 ὥσπερ
923 4428 1019 4496 χρυσοῦ
1037 4424 1067 4476 τδ
1085 4422 1164 4477 καλὸν
1183 4428 1213 4478 et
1229 4421 1311 4493 τίμιον
1330 4423 1404 4479 Max.
1426 4422 1491 4478 Bas.
1512 4422 1597 4480 Voss.

566 4509 603 4564 41
624 4511 670 4580 μὲν
689 4516 754 4580 post
772 4509 879 4580 πολέμῳ
898 4510 1058 4580 transponit
1076 4510 1160 4576 Max,
1180 4515 1246 4586 post
1265 4511 1311 4580 μὲν
1331 4511 1398 4566 add.
1417 4512 1456 4584 τῷ
1474 4510 1548 4566 Mon.
1568 4511 1649 4567 hoio.
1689 4514 1700 4578 ΙΙ
1741 4510 1844 4582 σίδηρος

496 4599 600 4668 χρυσοῦ)
621 4597 716 4670 χρυοδς
734 4596 807 4651 Mon.
838 4599 850 4663 (1
879 4595 987 4668 δλόχος
1004 4601 1049 4651 τοῦ
1068 4596 1179 4651 πλούτου
1199 4596 1279 4653 Stob.
1300 4597 1373 4653 Max.

564 4681 606 4736 42
621 4682 725 4749 οὐσίαις(
747 4683 843 4755 ψυχαῖς
861 4681 931 4739 Ant.
953 4684 1026 4738 Mox.
1046 4685 1130 4739 Laut.
1162 4685 1174 4750 Ι)
1202 4684 1309 4756 ταρίχει
1326 4685 1410 4740 Lour.

565 4767 604 4822 48
620 4768 666 4822 καί
683 4770 751 4825 add.
772 4776 838 4825 auto
856 4768 919 4824 ὁδοῦ
937 4771 1021 4825 Laur.
1051 4772 1063 4836 (Ι
1098 4768 1221 4836 παιδείας(
1242 4769 1365 4843 άληίλείας
1382 4769 1452 4827 Ant.
1472 4771 1544 4826 Max.
1567 4772 1650 4828 Laut.
1684 4773 1695 4837 ΙΙ
1728 4768 1842 4844 χαλεπὸν

494 4854 561 4910 Ant.
583 4855 655 4909 Mox.
676 4856 760 4911 Laut.

562 4940 602 4994 44
622 4959 666 4995 σου
686 4957 739 4995 om.
760 4942 835 4997 Max.
877 4945 889 5009 (1
929 4941 1006 5014 ἥπερ]
1026 4941 1125 5012 μᾶλλον
1142 4940 1161 5012 ἢ
1179 4941 1247 4998 Ant.
1269 4941 1342 4998 Max.
1386 4945 1398 5010 ss
1438 4944 1571 5013 κρέσσονες
1590 4942 1687 5008 Stob.,
1712 4942 1842 5015 κρείττους

492 5026 560 5081 Ant.
592 5031 603 5092 ΙΙ
632 5027 688 5101 ido]
711 5028 772 5080 εἰσὶν
791 5028 877 5084 Vind.
892 5028 984 5093 Stob.,
1004 5028 1053 5101 χείρ
1071 5029 1132 5082 είοιν
1145 5026 1225 5096 Ant„
1244 5045 1299 5084 om.
1313 5030 1386 5084 Mon.
1402 5030 1482 5086 Leid.
1513 5031 1525 5095 1(
1555 5029 1657 5098 αίτιῑυν]
1677 5047 1732 5085 om.
1752 5030 1812 5084 Pol.
1832 5031 1844 5100 ΙΙ

494 5113 690 5186 πεπαιδευρίναι
708 5114 768 5171 Pal.
