4118 6240
493 655 553 714 114
1068 652 1101 705 Ε.
1122 651 1261 706 HILLElt

492 842 609 927 Neap.)
639 842 714 913 λέξιν
738 840 788 906 καὶ
812 839 852 927 μη
875 837 928 927 τὴν
951 841 1117 928 έπιδίρριον
1140 841 1191 906 καὶ
1214 841 1509 928 καταψιθυρίῖουσαν
1531 838 1579 905 τόν
1596 837 1694 926 λόγον.
1733 832 1837 924 δμοιον

489 967 560 1047 γοῦν
584 961 726 1049 εἶναιτῷ
751 960 826 1027 δασδ
849 961 899 1028 καὶ
924 964 1000 1048 μέγά
1028 965 1224 1049 περιθέμενον
1254 959 1413 1050 πρόσωπον
1442 965 1611 1048 [προσώπου
1633 968 1668 1026 ut
1690 960 1754 1026 vid.
1782 980 1837 1024 00-

488 1083 559 1167 dex)
588 1084 710 1150 παιδίου
733 1081 835 1170 porris
859 1081 982 1170 ἀφιέναι
998 1081 1082 1173 (καὶ)
1099 1080 1131 1148 τδ
1147 1087 1207 1157 τοῖς
1223 1079 1357 1170 Ἕλλησι
1374 1080 1616 1170 συμβουλεύοντα
1639 1079 1689 1147 καὶ
1710 1077 1835 1166 πλάσμα

488 1205 539 1268 καὶ
561 1201 614 1290 την
639 1198 732 1290 άλλην
756 1202 944 1291 κατασκευὴν
969 1202 1142 1291 δημηγόρου

486 1323 741 1412 περιβαλλόμενον
758 1325 807 1391 ἐπ’
828 1323 1019 1413 ἀναγνώστου
1035 1352 1107 1391 παι·
1159 1327 1268 1411 Pergit
1291 1327 1387 1392 Dian.
1415 1323 1549 1391 καθόλου
1573 1327 1606 1389 δέ
1629 1349 1719 1412 φησιν
1744 1319 1833 1388 αότδν

487 1443 537 1519 δδς
561 1443 663 1532 φωνην
687 1444 934 1534 ἀποδεδρακέναι,
963 1445 1037 1533 μήτε
1055 1444 1106 1512 τό·
1159 1451 1201 1521 εἰς
1218 1443 1410 1533 ἀναγνώστου
1426 1443 1532 1520 παιδός
1548 1444 1651 1534 psoris
1664 1441 1832 1510 resaisistis

486 1592 535 1630 νον
560 1564 633 1652 μήτε
656 1565 752 1642 πάθος
777 1566 853 1654 μήθ’
882 1566 1035 1655 ὑπόκρισιν
1053 1572 1105 1632 δυ·
1159 1564 1234 1654 μήτε
1256 1565 1339 1633 τόνον
1363 1565 1437 1653 μήτε
1459 1565 1556 1641 πάθος
1581 1564 1654 1652 μήτε
1676 1563 1830 1652 ὑπόκρισιν

487 1690 616 1772 ναμένου
639 1691 752 1776 φέρειν.
1158 1687 1307 1755 δύνασθαι
1330 1691 1444 1777 φέρειν.

572 1811 689 1876 Peioris
712 1811 812 1896 partis
835 1812 974 1893 germino.
996 1811 1098 1875 forma
1120 1812 1201 1876 haee
1223 1810 1323 1875 tuisse
1347 1810 1486 1876 videtur:
1524 1805 1694 1895 ἀναγνῶναι
1719 1809 1771 1894 μὲν
1795 1801 1830 1872 ἄν

483 1953 548 1994 τινα
572 1933 739 2017 δυνηθῆναι
760 1928 827 2005 τοὺς
851 1927 957 2017 λόγους
984 1927 1075 1996 αὐτοῦ
1106 1935 1223 2010 καλῶς,
1257 1934 1468 2017 δημηγορῆσαι
1499 1931 1531 1996 δέ
1560 1929 1613 2016 τὴν
1644 1927 1748 2018 φωνην
1779 1929 1829 1993 καὶ

481 2049 530 2115 τόν
554 2048 638 2117 τόνον
661 2049 814 2138 ἐπάραντα
837 2052 887 2116 καλ
912 2056 942 2118 ἐν
965 2049 1057 2139 ταότη
1089 2058 1125 2138 τῇ
1155 2058 1326 2138 κατασκευῇ
1351 2049 1426 2137 μετὰ
1452 2057 1505 2137 της
1528 2049 1731 2139 ἁρμοττούσης
1755 2047 1830 2115 irno-

481 2173 604 2259 κρίσεώς
629 2175 720 2238 εἰπεῖν
744 2171 778 2238 οδ
800 2178 964 2247 παντελῶς.
1011 2170 1043 2239 τδ
1073 2170 1129 2259 γάρ
1161 2174 1297 2258 μέγιστον
1323 2172 1375 2237 καλ
1398 2169 1626 2258 κινητικώτατον
1649 2179 1704 2237 τών
1728 2166 1826 2259 όχλιυν

479 2295 660 2380 παρεῖσθαι,
693 2292 726 2360 τδ
748 2292 914 2381 παθητικὸν
939 2296 989 2360 καὶ
1012 2295 1159 2382 ἔμψυχον·
1195 2287 1312 2381 άψυχον
1334 2291 1392 2379 γάρ
1416 2291 1507 2359 αὐτοῦ
1532 2295 1582 2358 καὶ
1607 2290 1827 2358 άνυπάκοοστον

479 2412 632 2501 εἶναιτὴν
656 2418 731 2488 λέξιν
754 2416 805 2482 καὶ
829 2414 918 2481 οἱονεὶ
940 2413 1012 2504 πρδς
1035 2418 1090 2480 ἕνα
1112 2412 1195 2480 τόνον
1217 2417 1439 2500 πεποιημένην·
1465 2411 1498 2480 τό
1521 2416 1554 2480 δὲ
1569 2418 1752 2502 κεκραμένον
1775 2415 1825 2478 καὶ

478 2534 665 2602 παντοδαπὸν
695 2535 829 2603 ἐπιτάσει
858 2564 889 2602 τε
920 2538 970 2602 καὶ
1000 2534 1100 2602 ἀνέσει
1128 2535 1178 2601 καὶ
1201 2534 1233 2601 τὸ
1256 2540 1321 2609 ταῖς
1344 2540 1526 2622 παθητικαῖς
1550 2534 1728 2623 ὑπερθέσεσι
1752 2539 1826 2600 διει-

478 2660 627 2743 λημμένον
651 2656 901 2746 ἀποβεβληκέναι,
926 2685 962 2745 τη
988 2659 1021 2723 δέ
1044 2654 1176 2744 λειότητι
1200 2656 1250 2723 διά
1272 2655 1380 2731 παντὸς
1404 2654 1567 2723 δουλεόειν.
1684 2643 1688 2652 ’

446 2758 449 2765 ’
564 2780 621 2846 Cf.·
631 2782 781 2865 Spengel,
798 2782 878 2845 Aen
894 2783 951 2844 ‹ter
961 2780 1139 2864 pluit-last.
1156 2782 1216 2843 Kl.
1230 2782 1287 2843 (ter
1300 2781 1404 2864 loyor.
1422 2780 1529 2843 Alaea.
1545 2781 1592 2843 ΙΙΙ
1608 2785 1618 2841 1
1636 2801 1668 2863 p.
1681 2783 1820 2862 iltisqq.

477 2900 571 2966 Blass
595 2902 645 2964 elie
667 2911 725 2966 att.
752 2904 884 2966 Bereels.
904 2903 936 2966 ΙΙ
958 2923 989 2986 p.
1013 2907 1084 2967 111.
1113 2906 1172 2966 185
1189 2922 1236 2985 sq.

560 3074 668 3137 XXX.
705 3075 770 3140 Cio.
791 3075 844 3140 Or.
864 3080 915 3159 56,
939 3080 998 3140 191)
1028 3076 1121 3160 eleyit
1144 3100 1181 3138 eo:
1203 3075 1310 3139 multis
1324 3075 1464 3139 Isoerati
1484 3075 1575 3137 liliris
1598 3073 1729 3157 triyinta
1741 3076 1822 3159 for-

475 3202 556 3257 tasse
573 3218 678 3258 uersas
694 3197 909 3281 Hieronymus
918 3197 1147 3280 peripateticus
1163 3196 1318 3279 imprimis
1333 3196 1455 3275 nolitis,
1477 3196 1645 3279 plerosque
1667 3195 1816 3275 senarias,

472 3317 529 3378 seit
550 3316 644 3379 etiam
666 3327 869 3400 anapaestos·
892 3341 951 3404 quo
968 3317 1046 3401 quid
1060 3326 1252 3400 potestesse
1276 3317 1425 3401 turpius?
1459 3316 1519 3380 etsi
1533 3316 1565 3378 in
1581 3316 1721 3400 eliyenclo
1733 3317 1822 3400 feeit

472 3437 645 3501 ozielitiose:
678 3440 788 3522 prima
811 3439 893 3502 enim
915 3439 1036 3522 syllaba
1059 3439 1186 3521 dempta
1207 3439 1240 3500 in
1260 3439 1368 3521 primo
1391 3438 1483 3501 uerbo
1506 3437 1677 3501 sententiae
1693 3446 1821 3520 postre-

471 3580 555 3621 mum
582 3561 627 3622 ad
654 3561 779 3622 serlum
805 3560 942 3643 prinunn
972 3582 1082 3622 rursus
1110 3559 1264 3641 syllabam
1293 3559 1438 3622 adiuuerit
1472 3558 1661 3642 insequentis
1670 3587 1682 3633 ,·
1716 3559 1819 3643 itaque

458 3681 576 3765 faetus
600 3689 646 3743 est
667 3690 856 3764 anapaestus
878 3681 916 3755 is,
942 3681 997 3765 qui
1018 3680 1263 3763 Aristopleanius
1285 3681 1487 3755 reome'naia·;
1517 3682 1602 3763 quod
1621 3703 1660 3743 ne
1681 3680 1813 3762 aecidat,

470 3801 632 3864 obseruari
651 3826 706 3864 nee
723 3810 830 3885 potest
851 3826 906 3866 rrae
928 3825 1050 3865 necasse
1073 3811 1129 3865 est.
1177 3803 1234 3864 sest
1262 3809 1363 3865 tamen
1386 3801 1436 3863 la'e
1458 3809 1615 3865 eorreetor
1636 3801 1669 3863 in
1692 3825 1727 3863 eo
1750 3801 1816 3883 ipso

469 3923 552 4004 loeo,
588 3946 647 4006 ριιο
669 3923 886 4006 reprehendit,
919 3932 955 3986 ut
976 3948 996 3986 a
1018 3945 1065 3985 me
1088 3919 1339 3986 animaduersum
1362 3930 1407 3985 est
1428 3923 1566 3986 studiose
1588 3922 1762 4006 inquirente
1784 3922 1817 3983 in

469 4066 547 4125 esini,
575 4044 717 4108 ionnittit
739 4045 919 4127 imprudens
940 4044 1008 4127 ipse
1029 4045 1198 4107 senarium.

553 4165 780 4250 Hieronymum
810 4166 843 4229 in
873 4165 1042 4230 tractanda
1069 4165 1129 4229 hae
1159 4185 1192 4230 re
1225 4186 1286 4229 non
1321 4164 1427 4229 minus
1461 4165 1685 4248 neglegentem
1719 4186 1814 4248 quom

467 4287 643 4370 malignum
671 4287 769 4352 fuisse
792 4286 933 4351 ostendit
955 4286 1147 4369 Spengelius
1171 4293 1232 4350 art.
1258 4286 1382 4371 seriptt.
1409 4306 1441 4369 p.
1464 4290 1522 4348 152
1547 4307 1595 4368 sq.
1643 4287 1693 4351 (11.
1719 4287 1815 4351 Blass

466 4409 517 4472 die
543 4417 602 4472 att.
635 4409 766 4472 Bereds.
795 4408 827 4471 ΙΙ
856 4427 888 4491 p.
921 4411 994 4471 136.
1052 4408 1101 4471 Ex
1135 4406 1298 4473 Ciceronis
1332 4407 1401 4471 loeo
1434 4405 1525 4472 fluxit
1559 4407 1814 4472 conmemoratio

465 4530 652 4614 Hieronymi
675 4529 762 4613 apud
784 4528 933 4592 Rufinum
956 4527 998 4593 de
1021 4548 1107 4592 num.
1134 4535 1213 4594 orat.
1231 4550 1263 4612 p.
1284 4531 1344 4592 573
1361 4528 1449 4593 Keil.
1489 4529 1527 4591 ele
1542 4529 1762 4612 compositione
1784 4538 1815 4592 et

465 4653 602 4715 numeris
624 4660 655 4714 et
671 4651 808 4733 peditius
831 4649 987 4731 oratoriis,
1014 4658 1049 4712 ut
1071 4650 1179 4714 Cicero
1202 4650 1289 4731 atat,
1316 4649 1372 4712 isti
1391 4649 1584 4732 seripserunt
1606 4652 1694 4733 erynert
1711 4653 1812 4715 Grae-

465 4796 536 4835 eos:
564 4771 826 4855 Tla'asymuelaes,
856 4773 1035 4834 Naucrates
1050 4791 1078 4836 e.
1097 4792 1127 4853 q.
1149 4791 1189 4847 o„
1217 4771 1444 4854 Hieronymus.

549 4963 673 5027 XXXI.
713 4963 798 5026 Plut.
824 4962 923 5044 Ages.
952 4964 990 5025 13
1026 4963 1148 5045 (rogum
1178 4969 1210 5026 et
1238 4961 1384 5045 imperat.
1415 4960 1645 5045 apophthegm.
1678 4983 1710 5046 p.
1739 4966 1811 5026 191.

462 5083 617 5169 alpophth.
637 5085 754 5149 Lacon.
774 5103 805 5166 p.
826 5085 898 5166 209)
926 5085 957 5146 ἐν
982 5082 1034 5168 μέν
1058 5074 1109 5147 οὖν
1132 5084 1192 5155 τοῖς
1215 5081 1362 5154 πλείστοις
1386 5085 1517 5154 τοιοδτος
1541 5077 1613 5167 δπέρ
1635 5087 1694 5147 τών
1718 5084 1814 5171 φίλων
