4452 6384
426 1733 497 1832 bu
531 1733 893 1833 (lOllblUNlBUS
925 1735 994 1832 ΕΤ
1027 1732 1308 1834 contusus
1343 1730 1666 1832 QUIBUSDAM

743 1933 745 1940 ’
878 1923 1212 2024 GRAECORUM

977 2152 1114 2194 SCRlPSl'l'

815 2291 1049 2364 RUDOLFUS
1073 2292 1274 2363 scllobbb

995 2475 1096 2482 ——--

459 2611 548 2675 Inter
566 2607 709 2693 collegas
726 2630 797 2676 cum
812 2609 973 2674 amicitiae
989 2609 1117 2674 vinculo
1131 2615 1199 2673 tum
1215 2609 1391 2674 studiorum
1407 2607 1564 2673 consortio
1580 2609 1713 2687 Tacen,

373 2731 570 2796 Hsrrrrauuu
593 2731 733 2812 Sauum,
767 2730 951 2795 coniunctos
980 2729 1055 2794 dum
1083 2729 1155 2814 ipse
1182 2749 1307 2812 quoque
1336 2728 1551 2795 venerationis
1581 2749 1619 2793 ac
1641 2727 1716 2793 fidei

373 2873 451 2935 erga
473 2851 523 2915 Tu
546 2871 638 2917 meae
662 2851 877 2917 testimonium
902 2851 1045 2935 prolerre
1068 2849 1215 2932 instituo,
1250 2851 1336 2916 subit
1357 2850 1501 2916 animum
1524 2849 1717 2914 suavissima

373 2971 549 3039 recordatio
583 2971 653 3037 eius
686 2971 840 3056 temporis
873 2971 958 3054 quod
990 2978 1065 3036 ante
1095 2971 1153 3036 bos
1183 2979 1332 3055 quattuor
1359 2991 1460 3037 annos
1489 2991 1553 3036 una
1581 2969 1715 3035 Athenis

372 3092 601 3177 transegimus:
636 3113 706 3158 cum
730 3092 855 3159 Atticae
878 3092 1078 3176 antiquitatis
1102 3092 1240 3176 vestigia
1262 3093 1331 3160 sive
1354 3092 1526 3158 manifesta
1548 3091 1616 3156 sive
1638 3111 1716 3157 eva-

371 3214 448 3280 nida
470 3235 528 3300 per
549 3215 690 3279 locorum
713 3213 805 3294 situs,
831 3233 962 3298 operum
987 3215 1087 3280 moles
1110 3221 1143 3280 et
1164 3215 1336 3296 miracula,
1362 3233 1553 3278 marmorum
1577 3211 1716 3294 denique

372 3345 405 3401 et
431 3335 593 3402 titulorum
623 3335 791 3401 thesauros
820 3336 1029 3401 inexhaustos
1058 3355 1339 3420 persequeremur,
1373 3333 1604 3399 communicato
1633 3333 1717 3398 inter

372 3475 431 3522 nos
453 3457 572 3522 laboris
595 3457 715 3541 pariter
737 3462 770 3521 et
790 3456 846 3522 otii
868 3456 985 3521 fructu.
1028 3457 1133 3540 Atque
1155 3456 1219 3520 iam
1243 3455 1384 3520 recolere
1407 3453 1485 3519 mibi
1508 3453 1619 3520 videor
1640 3475 1716 3538 gru-

371 3586 436 3643 tam
460 3577 722 3643 consuetudinem
745 3577 872 3642 illorum
896 3577 1020 3642 dierum
1043 3577 1201 3662 tantisper
1222 3576 1448 3658 intermissam,
1475 3575 1518 3641 ad
1540 3576 1640 3640 Tuum
1663 3595 1717 3640 ar·
1814 3585 1816 3590 ’

372 3697 500 3764 bitrium
524 3698 682 3764 relaturus
704 3717 788 3782 quae
811 3697 851 3764 de
874 3718 937 3763 nno
960 3699 1101 3764 alterove
1125 3698 1193 3764 loco
1216 3698 1441 3782 antiquitatum
1457 3696 1652 3762 Graecarum
1675 3715 1715 3760 ex

371 3827 645 3884 monumentorum
675 3819 739 3884 lide
769 3818 987 3904 depromenda
1010 3819 1158 3884 babeam.
1205 3819 1283 3884 Utor
1304 3826 1413 3885 autem
1435 3818 1594 3903 epistulae
1617 3817 1717 3883 liber-

372 3947 437 4007 tate
459 3940 516 4022 ita,
542 3947 577 4006 ut
598 3941 692 4024 quasi
715 3960 772 4025 per
793 3949 934 4006 saturam
957 3940 1067 4006 titulos
1089 3940 1212 4023 aliquot
1234 3961 1337 4024 nuper·
1360 3946 1502 4024 repertos
1524 3959 1711 4024 proponam,

371 4081 451 4146 quos
472 4061 516 4127 ad
537 4067 701 4126 auctomm
725 4068 866 4127 veterum
891 4061 1074 4126 memoriam
1098 4066 1183 4126 recte
1206 4060 1453 4127 existimandam
1475 4059 1619 4126 nonnihil
1640 4079 1716 4125 con-

371 4183 454 4248 ferre
484 4181 561 4247 mibi
592 4182 739 4267 persuasi
768 4180 917 4265 idemque
940 4183 1017 4247 'lbru
1047 4203 1098 4247 me
1129 4201 1355 4266 persuasurum
1383 4201 1459 4266 spes
1489 4189 1552 4248 est:
1585 4180 1641 4264 qui
1663 4181 1715 4245 in-

372 4302 596 4388 scriptionibus
619 4324 714 4386 quam
737 4309 914 4388 opportune
937 4302 1025 4369 lama
1048 4302 1224 4368 litterarum
1248 4302 1461 4369 monumentis
1484 4302 1610 4390 prodita
1637 4321 1715 4388 sup-

243 4497 244 4500 *
371 4423 454 4509 pleri
477 4423 588 4509 possit,
615 4422 789 4508 praeclaris
812 4423 969 4510 exemplis
991 4445 1054 4490 non
1076 4425 1177 4491 semel
1200 4423 1356 4491 docueris.

457 4647 585 4714 Initium
615 4647 731 4713 luciam
759 4649 911 4735 alapide
933 4648 1013 4714 snio
1035 4649 1069 4714 in
1090 4650 1197 4715 insula
1219 4657 1354 4735 reperto.
1403 4649 1452 4716 De
1475 4650 1566 4714 cuius
1589 4623 1713 4715 insulae

371 4767 616 4853 antiquitatibus
644 4776 679 4834 ut
707 4769 754 4834 eis
782 4790 866 4852 quae
895 4769 971 4836 olim
994 4769 1205 4836 Adamantius
1229 4771 1340 4837 Corais
1363 4771 1484 4854 aliique
1507 4771 1715 4854 explorarunt

370 4891 435 4956 iam
464 4911 547 4956 nova
576 4896 608 4956 et
636 4889 856 4956 memorabilia
885 4891 986 4955 multa
1015 4889 1092 4956 addi
1115 4899 1259 4976 possent,
1293 4892 1399 4958 effecit
1420 4891 1595 4958 laudabilis
1617 4911 1714 4977 opera

370 5011 510 5078 virorum
532 5009 696 5077 doctorum
719 5017 751 5076 et
774 5011 986 5092 Graecorum,
1019 5012 1073 5096 qui
1103 5011 1245 5078 scholam
1276 5013 1498 5097 evangelicam
1521 5015 1714 5098 Smyrnaeo-

371 5151 439 5198 mm
469 5131 623 5198 bonarum
653 5131 768 5198 artium
797 5131 971 5217 patriamm
1003 5132 1036 5199 in
1063 5133 1122 5199 illa
1151 5131 1281 5218 regione
1312 5135 1421 5202 sedem
1451 5155 1490 5201 ac
1518 5133 1711 5199 domicilium
