<?xml version="1.0" encoding="UTF-8"?>
<!DOCTYPE html PUBLIC "-//W3C//DTD XHTML 1.0 Transitional//EN"
    "http://www.w3.org/TR/xhtml1/DTD/xhtml1-transitional.dtd">
<html xmlns="http://www.w3.org/1999/xhtml" xml:lang="en" lang="en">
 <head>
  <title>
</title>
<meta http-equiv="Content-Type" content="text/html;charset=utf-8" />
  <meta name='ocr-system' content='tesseract 3.04.00' />
  <meta name='ocr-capabilities' content='ocr_page ocr_carea ocr_par ocr_line ocrx_word'/>
</head>
<body>
  <div class='ocr_page' id='page_1' title='image "./satvraphilologa00unkngoog_0170.png"; bbox 0 0 4452 6384; ppageno 0'>
   <div class='ocr_carea' id='block_1_1' title="bbox 823 757 1709 822">
    <p class='ocr_par' dir='ltr' id='par_1_1' title="bbox 823 757 1709 822">
     <span class='ocr_line' id='line_1_1' title="bbox 823 757 1709 822; baseline 0.007 -6"><span class='ocrx_word' id='word_1_1' title='bbox 823 760 874 816; x_wconf 90' lang='lat' dir='ltr'>DE</span> <span class='ocrx_word' id='word_1_2' title='bbox 893 759 1001 816; x_wconf 77' lang='lat' dir='ltr'>roms</span> <span class='ocrx_word' id='word_1_3' title='bbox 1019 757 1257 816; x_wconf 76' lang='lat' dir='ltr'>ATHENARUM</span> <span class='ocrx_word' id='word_1_4' title='bbox 1649 759 1709 822; x_wconf 82' lang='lat'>159</span> 
     </span>
    </p>
   </div>
   <div class='ocr_carea' id='block_1_2' title="bbox 354 943 1707 3208">
    <p class='ocr_par' dir='ltr' id='par_1_2' title="bbox 358 943 1706 1156">
     <span class='ocr_line' id='line_1_2' title="bbox 359 943 1706 1034; baseline -0.001 -20"><span class='ocrx_word' id='word_1_5' title='bbox 359 969 455 1032; x_wconf 88' lang='lat' dir='ltr'>quarn</span> <span class='ocrx_word' id='word_1_6' title='bbox 479 943 659 1016; x_wconf 73' lang='lat' dir='ltr'><strong>Pausanias</strong></span> <span class='ocrx_word' id='word_1_7' title='bbox 682 959 717 1016; x_wconf 93' lang='lat' dir='ltr'>ut</span> <span class='ocrx_word' id='word_1_8' title='bbox 737 950 805 1017; x_wconf 88' lang='lat' dir='ltr'>alia</span> <span class='ocrx_word' id='word_1_9' title='bbox 826 950 927 1017; x_wconf 88' lang='lat' dir='ltr'>multa</span> <span class='ocrx_word' id='word_1_10' title='bbox 949 971 1013 1016; x_wconf 94' lang='lat' dir='ltr'>non</span> <span class='ocrx_word' id='word_1_11' title='bbox 1036 949 1197 1032; x_wconf 87' lang='lat' dir='ltr'>nominat,</span> <span class='ocrx_word' id='word_1_12' title='bbox 1229 950 1288 1016; x_wconf 92' lang='lat' dir='ltr'>hos</span> <span class='ocrx_word' id='word_1_13' title='bbox 1314 949 1395 1016; x_wconf 88' lang='lat' dir='ltr'>fines</span> <span class='ocrx_word' id='word_1_14' title='bbox 1417 947 1607 1034; x_wconf 77' lang='lat' dir='ltr'>designasse</span> <span class='ocrx_word' id='word_1_15' title='bbox 1630 967 1706 1014; x_wconf 93' lang='lat' dir='ltr'>con-</span> 
     </span>
     <span class='ocr_line' id='line_1_3' title="bbox 358 1069 516 1156; baseline -0.013 -21"><span class='ocrx_word' id='word_1_16' title='bbox 358 1069 516 1156; x_wconf 57' lang='lat' dir='ltr'>clodoali.</span> 
     </span>
    </p>

    <p class='ocr_par' dir='ltr' id='par_1_3' title="bbox 355 1189 1707 2605">
     <span class='ocr_line' id='line_1_4' title="bbox 444 1189 1705 1276; baseline -0.002 -20"><span class='ocrx_word' id='word_1_17' title='bbox 444 1189 562 1258; x_wconf 82' lang='lat' dir='ltr'>Forum</span> <span class='ocrx_word' id='word_1_18' title='bbox 592 1191 878 1259; x_wconf 85' lang='lat' dir='ltr'>Scambonidarum</span> <span class='ocrx_word' id='word_1_19' title='bbox 908 1192 993 1276; x_wconf 91' lang='lat' dir='ltr'>quod</span> <span class='ocrx_word' id='word_1_20' title='bbox 1021 1193 1056 1258; x_wconf 90' lang='lat' dir='ltr'>in</span> <span class='ocrx_word' id='word_1_21' title='bbox 1084 1191 1177 1258; x_wconf 89' lang='lat' dir='ltr'>titulo</span> <span class='ocrx_word' id='word_1_22' title='bbox 1207 1191 1256 1257; x_wconf 91' lang='lat' dir='ltr'>bis</span> <span class='ocrx_word' id='word_1_23' title='bbox 1288 1197 1482 1258; x_wconf 87' lang='lat' dir='ltr'>memoratur</span> <span class='ocrx_word' id='word_1_24' title='bbox 1518 1191 1573 1257; x_wconf 92' lang='lat' dir='ltr'>uhi</span> <span class='ocrx_word' id='word_1_25' title='bbox 1609 1189 1705 1256; x_wconf 87' lang='lat' dir='ltr'>situm</span> 
     </span>
     <span class='ocr_line' id='line_1_5' title="bbox 358 1311 1707 1396; baseline -0.001 -19"><span class='ocrx_word' id='word_1_26' title='bbox 358 1311 464 1394; x_wconf 85' lang='lat' dir='ltr'>luerit,</span> <span class='ocrx_word' id='word_1_27' title='bbox 486 1311 542 1378; x_wconf 84' lang='lat' dir='ltr'>vix</span> <span class='ocrx_word' id='word_1_28' title='bbox 557 1312 689 1380; x_wconf 90' lang='lat' dir='ltr'>dubium</span> <span class='ocrx_word' id='word_1_29' title='bbox 706 1320 763 1379; x_wconf 91' lang='lat' dir='ltr'>cst.</span> <span class='ocrx_word' id='word_1_30' title='bbox 798 1313 882 1378; x_wconf 89' lang='lat' dir='ltr'>Nam</span> <span class='ocrx_word' id='word_1_31' title='bbox 899 1313 1078 1380; x_wconf 82' lang='lat' dir='ltr'>Pausanias</span> <span class='ocrx_word' id='word_1_32' title='bbox 1094 1311 1230 1378; x_wconf 88' lang='lat' dir='ltr'>simulac</span> <span class='ocrx_word' id='word_1_33' title='bbox 1245 1312 1330 1378; x_wconf 90' lang='lat' dir='ltr'>viam</span> <span class='ocrx_word' id='word_1_34' title='bbox 1346 1319 1485 1396; x_wconf 89' lang='lat' dir='ltr'>secutus,</span> <span class='ocrx_word' id='word_1_35' title='bbox 1511 1331 1608 1396; x_wconf 86' lang='lat' dir='ltr'>quarn</span> <span class='ocrx_word' id='word_1_36' title='bbox 1623 1311 1707 1376; x_wconf 87' lang='lat' dir='ltr'>inter</span> 
     </span>
     <span class='ocr_line' id='line_1_6' title="bbox 358 1431 1706 1518; baseline 0 -20"><span class='ocrx_word' id='word_1_37' title='bbox 358 1433 448 1498; x_wconf 90' lang='lat' dir='ltr'>lacus</span> <span class='ocrx_word' id='word_1_38' title='bbox 470 1441 503 1499; x_wconf 92' lang='lat' dir='ltr'>ct</span> <span class='ocrx_word' id='word_1_39' title='bbox 524 1441 663 1500; x_wconf 87' lang='lat' dir='ltr'>montem</span> <span class='ocrx_word' id='word_1_40' title='bbox 687 1433 816 1500; x_wconf 76' lang='lat' dir='ltr'>ductmu</span> <span class='ocrx_word' id='word_1_41' title='bbox 840 1433 941 1498; x_wconf 84' lang='lat' dir='ltr'>fuisse</span> <span class='ocrx_word' id='word_1_42' title='bbox 963 1435 1061 1500; x_wconf 88' lang='lat' dir='ltr'>etiam</span> <span class='ocrx_word' id='word_1_43' title='bbox 1083 1453 1168 1499; x_wconf 90' lang='lat' dir='ltr'>nnnc</span> <span class='ocrx_word' id='word_1_44' title='bbox 1190 1441 1330 1499; x_wconf 89' lang='lat' dir='ltr'>rotamm</span> <span class='ocrx_word' id='word_1_45' title='bbox 1353 1433 1474 1499; x_wconf 84' lang='lat' dir='ltr'>orbitae</span> <span class='ocrx_word' id='word_1_46' title='bbox 1493 1433 1565 1518; x_wconf 87' lang='lat' dir='ltr'>rupi</span> <span class='ocrx_word' id='word_1_47' title='bbox 1585 1431 1706 1498; x_wconf 89' lang='lat' dir='ltr'>incisae</span> 
     </span>
     <span class='ocr_line' id='line_1_7' title="bbox 357 1551 1706 1638; baseline -0.001 -18"><span class='ocrx_word' id='word_1_48' title='bbox 357 1553 594 1624; x_wconf 86' lang='lat' dir='ltr'>demonstrant.</span> <span class='ocrx_word' id='word_1_49' title='bbox 621 1551 760 1628; x_wconf 78' lang='grc' dir='ltr'><strong>Ῥειτούς</strong></span> <span class='ocrx_word' id='word_1_50' title='bbox 790 1561 1010 1637; x_wconf 87' lang='lat' dir='ltr'>transgressus</span> <span class='ocrx_word' id='word_1_51' title='bbox 1039 1561 1104 1636; x_wconf 87' lang='lat' dir='ltr'>est,</span> <span class='ocrx_word' id='word_1_52' title='bbox 1138 1553 1290 1620; x_wconf 80' lang='lat' dir='ltr'>Croconis</span> <span class='ocrx_word' id='word_1_53' title='bbox 1316 1553 1438 1637; x_wconf 82' lang='lat' dir='ltr'>regiam</span> <span class='ocrx_word' id='word_1_54' title='bbox 1460 1553 1627 1638; x_wconf 71' lang='lat' dir='ltr'>invenitll,</span> <span class='ocrx_word' id='word_1_55' title='bbox 1654 1573 1706 1619; x_wconf 90' lang='lat' dir='ltr'>se-</span> 
     </span>
     <span class='ocr_line' id='line_1_8' title="bbox 357 1673 1704 1761; baseline -0.002 -20"><span class='ocrx_word' id='word_1_56' title='bbox 357 1675 502 1760; x_wconf 88' lang='lat' dir='ltr'>pulcrum</span> <span class='ocrx_word' id='word_1_57' title='bbox 524 1695 588 1742; x_wconf 90' lang='lat' dir='ltr'>non</span> <span class='ocrx_word' id='word_1_58' title='bbox 606 1675 744 1756; x_wconf 85' lang='lat' dir='ltr'>invenit,</span> <span class='ocrx_word' id='word_1_59' title='bbox 779 1674 859 1740; x_wconf 89' lang='lat' dir='ltr'>vidit</span> <span class='ocrx_word' id='word_1_60' title='bbox 881 1681 988 1741; x_wconf 88' lang='lat' dir='ltr'>autem</span> <span class='ocrx_word' id='word_1_61' title='bbox 1010 1681 1249 1742; x_wconf 90' lang='lat' dir='ltr'>monumentum</span> <span class='ocrx_word' id='word_1_62' title='bbox 1273 1675 1436 1761; x_wconf 80' lang='lat' dir='ltr'>Eumolpi,</span> <span class='ocrx_word' id='word_1_63' title='bbox 1462 1681 1567 1741; x_wconf 88' lang='lat' dir='ltr'>terrae</span> <span class='ocrx_word' id='word_1_64' title='bbox 1589 1673 1704 1741; x_wconf 89' lang='lat' dir='ltr'>confini</span> 
     </span>
     <span class='ocr_line' id='line_1_9' title="bbox 357 1794 1704 1881; baseline -0.001 -20"><span class='ocrx_word' id='word_1_65' title='bbox 357 1816 453 1878; x_wconf 89' lang='lat' dir='ltr'>qnam</span> <span class='ocrx_word' id='word_1_66' title='bbox 469 1796 608 1862; x_wconf 88' lang='lat' dir='ltr'>maxime</span> <span class='ocrx_word' id='word_1_67' title='bbox 623 1803 743 1881; x_wconf 90' lang='lat' dir='ltr'>aptum.</span> <span class='ocrx_word' id='word_1_68' title='bbox 777 1795 865 1862; x_wconf 90' lang='lat' dir='ltr'>Haec</span> <span class='ocrx_word' id='word_1_69' title='bbox 881 1795 1053 1862; x_wconf 88' lang='lat' dir='ltr'>manifesta</span> <span class='ocrx_word' id='word_1_70' title='bbox 1067 1803 1117 1862; x_wconf 90' lang='lat' dir='ltr'>est</span> <span class='ocrx_word' id='word_1_71' title='bbox 1132 1794 1192 1860; x_wconf 88' lang='lat' dir='ltr'>fori</span> <span class='ocrx_word' id='word_1_72' title='bbox 1209 1794 1393 1881; x_wconf 87' lang='lat' dir='ltr'>descriptio,</span> <span class='ocrx_word' id='word_1_73' title='bbox 1413 1803 1448 1862; x_wconf 93' lang='lat' dir='ltr'>ut</span> <span class='ocrx_word' id='word_1_74' title='bbox 1463 1802 1496 1863; x_wconf 90' lang='lat' dir='ltr'>et</span> <span class='ocrx_word' id='word_1_75' title='bbox 1510 1814 1551 1862; x_wconf 85' lang='lat' dir='ltr'>cx</span> <span class='ocrx_word' id='word_1_76' title='bbox 1565 1795 1607 1862; x_wconf 90' lang='lat' dir='ltr'>iis</span> <span class='ocrx_word' id='word_1_77' title='bbox 1622 1813 1704 1879; x_wconf 90' lang='lat' dir='ltr'>quae</span> 
     </span>
     <span class='ocr_line' id='line_1_10' title="bbox 357 1915 1706 2002; baseline 0 -20"><span class='ocrx_word' id='word_1_78' title='bbox 357 1915 451 1982; x_wconf 88' lang='lat' dir='ltr'>modo</span> <span class='ocrx_word' id='word_1_79' title='bbox 473 1915 638 2002; x_wconf 85' lang='lat' dir='ltr'>disputavi</span> <span class='ocrx_word' id='word_1_80' title='bbox 660 1922 797 2002; x_wconf 88' lang='lat' dir='ltr'>apparet</span> <span class='ocrx_word' id='word_1_81' title='bbox 818 1922 850 1982; x_wconf 91' lang='lat' dir='ltr'>et</span> <span class='ocrx_word' id='word_1_82' title='bbox 872 1935 912 1982; x_wconf 85' lang='lat' dir='ltr'>ex</span> <span class='ocrx_word' id='word_1_83' title='bbox 933 1916 974 1982; x_wconf 88' lang='lat' dir='ltr'>iis</span> <span class='ocrx_word' id='word_1_84' title='bbox 996 1936 1079 2000; x_wconf 88' lang='lat' dir='ltr'>qaae</span> <span class='ocrx_word' id='word_1_85' title='bbox 1101 1922 1276 1999; x_wconf 83' lang='lat' dir='ltr'>sequentur</span> <span class='ocrx_word' id='word_1_86' title='bbox 1298 1916 1445 1982; x_wconf 79' lang='lat' dir='ltr'>elucebit.</span> <span class='ocrx_word' id='word_1_87' title='bbox 1471 1953 1514 1963; x_wconf 89' lang='lat'>—</span> <span class='ocrx_word' id='word_1_88' title='bbox 1535 1916 1626 1996; x_wconf 85' lang='lat' dir='ltr'>Quae</span> <span class='ocrx_word' id='word_1_89' title='bbox 1647 1915 1706 1982; x_wconf 86' lang='lat' dir='ltr'>de-</span> 
     </span>
     <span class='ocr_line' id='line_1_11' title="bbox 356 2035 1703 2122; baseline 0 -20"><span class='ocrx_word' id='word_1_90' title='bbox 356 2035 432 2102; x_wconf 91' lang='lat' dir='ltr'>inde</span> <span class='ocrx_word' id='word_1_91' title='bbox 455 2045 699 2119; x_wconf 81' lang='lat' dir='ltr'>enumerantur,</span> <span class='ocrx_word' id='word_1_92' title='bbox 729 2036 862 2104; x_wconf 89' lang='lat' dir='ltr'>heroam</span> <span class='ocrx_word' id='word_1_93' title='bbox 884 2035 1188 2122; x_wconf 86' lang='lat' dir='ltr'>Hippothooutis&#39;et</span> <span class='ocrx_word' id='word_1_94' title='bbox 1210 2036 1350 2102; x_wconf 83' lang='lat' dir='ltr'>uicinum</span> <span class='ocrx_word' id='word_1_95' title='bbox 1372 2037 1402 2104; x_wconf 91' lang='lat' dir='ltr'>ei</span> <span class='ocrx_word' id='word_1_96' title='bbox 1425 2037 1606 2121; x_wconf 70' lang='lat' dir='ltr'>caream),</span> <span class='ocrx_word' id='word_1_97' title='bbox 1639 2037 1703 2103; x_wconf 90' lang='lat' dir='ltr'>iam</span> 
     </span>
     <span class='ocr_line' id='line_1_12' title="bbox 356 2156 1705 2243; baseline 0 -21"><span class='ocrx_word' id='word_1_98' title='bbox 356 2176 455 2243; x_wconf 85' lang='lat' dir='ltr'>prope</span> <span class='ocrx_word' id='word_1_99' title='bbox 477 2157 519 2224; x_wconf 87' lang='lat' dir='ltr'>ad</span> <span class='ocrx_word' id='word_1_100' title='bbox 541 2157 715 2242; x_wconf 81' lang='lat' dir='ltr'>Cephisum</span> <span class='ocrx_word' id='word_1_101' title='bbox 738 2158 906 2241; x_wconf 86' lang='lat' dir='ltr'>accedunt,</span> <span class='ocrx_word' id='word_1_102' title='bbox 932 2157 987 2241; x_wconf 86' lang='lat' dir='ltr'>qui</span> <span class='ocrx_word' id='word_1_103' title='bbox 1009 2156 1091 2222; x_wconf 90' lang='lat' dir='ltr'>inter</span> <span class='ocrx_word' id='word_1_104' title='bbox 1106 2156 1337 2224; x_wconf 83' lang='lat' dir='ltr'>Scambouidas</span> <span class='ocrx_word' id='word_1_105' title='bbox 1353 2165 1385 2224; x_wconf 91' lang='lat' dir='ltr'>ct</span> <span class='ocrx_word' id='word_1_106' title='bbox 1399 2157 1584 2224; x_wconf 81' lang='lat' dir='ltr'>Eleusinem</span> <span class='ocrx_word' id='word_1_107' title='bbox 1606 2157 1705 2224; x_wconf 83' lang='lat' dir='ltr'>inher-</span> 
     </span>
     <span class='ocr_line' id='line_1_13' title="bbox 356 2277 1703 2364; baseline 0 -22"><span class='ocrx_word' id='word_1_108' title='bbox 356 2277 436 2344; x_wconf 84' lang='lat' dir='ltr'>fluit.</span> <span class='ocrx_word' id='word_1_109' title='bbox 483 2279 566 2343; x_wconf 88' lang='lat' dir='ltr'>Nam</span> <span class='ocrx_word' id='word_1_110' title='bbox 589 2277 649 2344; x_wconf 91' lang='lat' dir='ltr'>hoc</span> <span class='ocrx_word' id='word_1_111' title='bbox 672 2279 834 2364; x_wconf 89' lang='lat' dir='ltr'>proprium</span> <span class='ocrx_word' id='word_1_112' title='bbox 857 2285 907 2344; x_wconf 89' lang='lat' dir='ltr'>est</span> <span class='ocrx_word' id='word_1_113' title='bbox 929 2277 1059 2344; x_wconf 89' lang='lat' dir='ltr'>heroam</span> <span class='ocrx_word' id='word_1_114' title='bbox 1083 2277 1233 2343; x_wconf 88' lang='lat' dir='ltr'>sacrariis</span> <span class='ocrx_word' id='word_1_115' title='bbox 1256 2279 1462 2362; x_wconf 89' lang='lat' dir='ltr'>aedieulisue,</span> <span class='ocrx_word' id='word_1_116' title='bbox 1489 2277 1575 2362; x_wconf 92' lang='lat' dir='ltr'>quod</span> <span class='ocrx_word' id='word_1_117' title='bbox 1597 2285 1654 2344; x_wconf 89' lang='lat' dir='ltr'>aut</span> <span class='ocrx_word' id='word_1_118' title='bbox 1671 2277 1703 2342; x_wconf 92' lang='lat' dir='ltr'>iu</span> 
     </span>
     <span class='ocr_line' id='line_1_14' title="bbox 355 2397 1705 2484; baseline -0.001 -20"><span class='ocrx_word' id='word_1_119' title='bbox 355 2399 471 2465; x_wconf 88' lang='lat' dir='ltr'>linibus</span> <span class='ocrx_word' id='word_1_120' title='bbox 501 2418 656 2484; x_wconf 83' lang='lat' dir='ltr'>pagorum</span> <span class='ocrx_word' id='word_1_121' title='bbox 684 2407 741 2465; x_wconf 91' lang='lat' dir='ltr'>aut</span> <span class='ocrx_word' id='word_1_122' title='bbox 769 2399 801 2466; x_wconf 95' lang='lat' dir='ltr'>in</span> <span class='ocrx_word' id='word_1_123' title='bbox 830 2398 944 2466; x_wconf 91' lang='lat' dir='ltr'>mediis</span> <span class='ocrx_word' id='word_1_124' title='bbox 972 2397 1120 2464; x_wconf 87' lang='lat' dir='ltr'>demisi.</span> <span class='ocrx_word' id='word_1_125' title='bbox 1144 2417 1171 2463; x_wconf 90' lang='lat' dir='ltr'>e.</span> <span class='ocrx_word' id='word_1_126' title='bbox 1198 2398 1320 2465; x_wconf 85' lang='lat' dir='ltr'>inforo</span> <span class='ocrx_word' id='word_1_127' title='bbox 1346 2399 1638 2466; x_wconf 79' lang='lat' dir='ltr'>constituebantur:</span> <span class='ocrx_word' id='word_1_128' title='bbox 1670 2405 1705 2464; x_wconf 93' lang='lat' dir='ltr'>ut</span> 
     </span>
     <span class='ocr_line' id='line_1_15' title="bbox 356 2517 1379 2605; baseline -0.002 -20"><span class='ocrx_word' id='word_1_129' title='bbox 356 2518 396 2586; x_wconf 90' lang='lat' dir='ltr'>de</span> <span class='ocrx_word' id='word_1_130' title='bbox 419 2520 580 2605; x_wconf 87' lang='lat' dir='ltr'>Myrmece</span> <span class='ocrx_word' id='word_1_131' title='bbox 603 2519 753 2602; x_wconf 83' lang='lat' dir='ltr'>vidimus,</span> <span class='ocrx_word' id='word_1_132' title='bbox 780 2521 821 2586; x_wconf 88' lang='lat' dir='ltr'>de</span> <span class='ocrx_word' id='word_1_133' title='bbox 844 2521 941 2588; x_wconf 91' lang='lat' dir='ltr'>Lacio</span> <span class='ocrx_word' id='word_1_134' title='bbox 964 2517 1060 2586; x_wconf 91' lang='lat' dir='ltr'>heroe</span> <span class='ocrx_word' id='word_1_135' title='bbox 1082 2518 1168 2584; x_wconf 88' lang='lat' dir='ltr'>infra</span> <span class='ocrx_word' id='word_1_136' title='bbox 1189 2518 1379 2586; x_wconf 85' lang='lat' dir='ltr'>uidebimus.</span> 
     </span>
    </p>

    <p class='ocr_par' dir='ltr' id='par_1_4' title="bbox 354 2639 1703 3208">
     <span class='ocr_line' id='line_1_16' title="bbox 443 2639 1700 2725; baseline -0.002 -19"><span class='ocrx_word' id='word_1_137' title='bbox 443 2639 548 2708; x_wconf 84' lang='lat' dir='ltr'>Ceteri</span> <span class='ocrx_word' id='word_1_138' title='bbox 571 2640 641 2706; x_wconf 90' lang='lat' dir='ltr'>eins</span> <span class='ocrx_word' id='word_1_139' title='bbox 663 2640 792 2725; x_wconf 83' lang='lat' dir='ltr'>generis</span> <span class='ocrx_word' id='word_1_140' title='bbox 815 2640 898 2707; x_wconf 88' lang='lat' dir='ltr'>tituli</span> <span class='ocrx_word' id='word_1_141' title='bbox 914 2639 958 2706; x_wconf 86' lang='lat' dir='ltr'>ad</span> <span class='ocrx_word' id='word_1_142' title='bbox 972 2647 1114 2706; x_wconf 88' lang='lat' dir='ltr'>nostram</span> <span class='ocrx_word' id='word_1_143' title='bbox 1130 2641 1350 2724; x_wconf 88' lang='lat' dir='ltr'>quaestionem</span> <span class='ocrx_word' id='word_1_144' title='bbox 1365 2639 1446 2706; x_wconf 92' lang='lat' dir='ltr'>nihil</span> <span class='ocrx_word' id='word_1_145' title='bbox 1461 2641 1535 2707; x_wconf 86' lang='lat' dir='ltr'>novi</span> <span class='ocrx_word' id='word_1_146' title='bbox 1551 2641 1700 2707; x_wconf 83' lang='lat' dir='ltr'>afferunt.</span> 
     </span>
     <span class='ocr_line' id='line_1_17' title="bbox 355 2759 1701 2844; baseline -0.001 -17"><span class='ocrx_word' id='word_1_147' title='bbox 355 2761 423 2828; x_wconf 89' lang='lat' dir='ltr'>Hoc</span> <span class='ocrx_word' id='word_1_148' title='bbox 444 2768 552 2828; x_wconf 71' lang='lat' dir='ltr'>minen</span> <span class='ocrx_word' id='word_1_149' title='bbox 575 2761 768 2827; x_wconf 90' lang='lat' dir='ltr'>mouendum</span> <span class='ocrx_word' id='word_1_150' title='bbox 791 2769 841 2828; x_wconf 89' lang='lat' dir='ltr'>est</span> <span class='ocrx_word' id='word_1_151' title='bbox 863 2781 973 2827; x_wconf 91' lang='lat' dir='ltr'>omnes</span> <span class='ocrx_word' id='word_1_152' title='bbox 996 2759 1176 2844; x_wconf 89' lang='lat' dir='ltr'>dequibus</span> <span class='ocrx_word' id='word_1_153' title='bbox 1199 2761 1252 2826; x_wconf 89' lang='lat' dir='ltr'>abi</span> <span class='ocrx_word' id='word_1_154' title='bbox 1275 2761 1394 2828; x_wconf 89' lang='lat' dir='ltr'>inventi</span> <span class='ocrx_word' id='word_1_155' title='bbox 1418 2761 1483 2828; x_wconf 90' lang='lat' dir='ltr'>sint</span> <span class='ocrx_word' id='word_1_156' title='bbox 1501 2759 1645 2843; x_wconf 82' lang='lat' dir='ltr'>constet,</span> <span class='ocrx_word' id='word_1_157' title='bbox 1674 2759 1701 2826; x_wconf 90' lang='lat' dir='ltr'>si</span> 
     </span>
     <span class='ocr_line' id='line_1_18' title="bbox 354 2880 1703 2968; baseline -0.001 -20"><span class='ocrx_word' id='word_1_158' title='bbox 354 2901 453 2948; x_wconf 89' lang='lat' dir='ltr'>uuum</span> <span class='ocrx_word' id='word_1_159' title='bbox 476 2880 620 2967; x_wconf 83' lang='lat' dir='ltr'>excipias</span> <span class='ocrx_word' id='word_1_160' title='bbox 642 2881 929 2948; x_wconf 89' lang='lat' dir='ltr'>Scamhonidarum</span> <span class='ocrx_word' id='word_1_161' title='bbox 952 2882 1084 2964; x_wconf 85' lang='lat' dir='ltr'>scitum,</span> <span class='ocrx_word' id='word_1_162' title='bbox 1110 2889 1202 2948; x_wconf 86' lang='lat' dir='ltr'>extra</span> <span class='ocrx_word' id='word_1_163' title='bbox 1223 2882 1332 2947; x_wconf 89' lang='lat' dir='ltr'>urbem</span> <span class='ocrx_word' id='word_1_164' title='bbox 1355 2889 1498 2968; x_wconf 89' lang='lat' dir='ltr'>repertos</span> <span class='ocrx_word' id='word_1_165' title='bbox 1521 2901 1609 2949; x_wconf 90' lang='lat' dir='ltr'>csse:</span> <span class='ocrx_word' id='word_1_166' title='bbox 1640 2902 1703 2966; x_wconf 91' lang='lat' dir='ltr'>quo</span> 
     </span>
     <span class='ocr_line' id='line_1_19' title="bbox 354 3001 1701 3088; baseline 0 -20"><span class='ocrx_word' id='word_1_167' title='bbox 354 3003 506 3088; x_wconf 86' lang='lat' dir='ltr'>probatur</span> <span class='ocrx_word' id='word_1_168' title='bbox 527 3002 690 3068; x_wconf 87' lang='lat' dir='ltr'>domorum</span> <span class='ocrx_word' id='word_1_169' title='bbox 714 3001 784 3067; x_wconf 88' lang='lat' dir='ltr'>lora</span> <span class='ocrx_word' id='word_1_170' title='bbox 803 3002 836 3067; x_wconf 95' lang='lat' dir='ltr'>in</span> <span class='ocrx_word' id='word_1_171' title='bbox 860 3001 941 3088; x_wconf 89' lang='lat' dir='ltr'>ipsis</span> <span class='ocrx_word' id='word_1_172' title='bbox 956 3001 1059 3068; x_wconf 89' lang='lat' dir='ltr'>deruis</span> <span class='ocrx_word' id='word_1_173' title='bbox 1075 3001 1176 3068; x_wconf 88' lang='lat' dir='ltr'>fuisse</span> <span class='ocrx_word' id='word_1_174' title='bbox 1191 3009 1288 3086; x_wconf 88' lang='lat' dir='ltr'>atque</span> <span class='ocrx_word' id='word_1_175' title='bbox 1302 3001 1346 3068; x_wconf 92' lang='lat' dir='ltr'>ibi</span> <span class='ocrx_word' id='word_1_176' title='bbox 1362 3003 1490 3075; x_wconf 86' lang='lat' dir='ltr'>comitia</span> <span class='ocrx_word' id='word_1_177' title='bbox 1504 3023 1701 3088; x_wconf 85' lang='lat' dir='ltr'>paganorum</span> 
     </span>
     <span class='ocr_line' id='line_1_20' title="bbox 355 3121 1701 3208; baseline 0.001 -20"><span class='ocrx_word' id='word_1_178' title='bbox 355 3123 477 3190; x_wconf 89' lang='lat' dir='ltr'>habita.</span> <span class='ocrx_word' id='word_1_179' title='bbox 525 3123 610 3188; x_wconf 89' lang='lat' dir='ltr'>Nam</span> <span class='ocrx_word' id='word_1_180' title='bbox 632 3122 665 3188; x_wconf 93' lang='lat' dir='ltr'>in</span> <span class='ocrx_word' id='word_1_181' title='bbox 688 3122 798 3188; x_wconf 90' lang='lat' dir='ltr'>urbem</span> <span class='ocrx_word' id='word_1_182' title='bbox 821 3121 946 3188; x_wconf 92' lang='lat' dir='ltr'>delatos</span> <span class='ocrx_word' id='word_1_183' title='bbox 969 3141 1042 3190; x_wconf 88' lang='lat' dir='ltr'>esse</span> <span class='ocrx_word' id='word_1_184' title='bbox 1066 3122 1192 3208; x_wconf 89' lang='lat' dir='ltr'>lapides</span> <span class='ocrx_word' id='word_1_185' title='bbox 1214 3123 1311 3190; x_wconf 89' lang='lat' dir='ltr'>etiam</span> <span class='ocrx_word' id='word_1_186' title='bbox 1334 3143 1374 3190; x_wconf 86' lang='lat' dir='ltr'>ex</span> <span class='ocrx_word' id='word_1_187' title='bbox 1397 3123 1569 3208; x_wconf 81' lang='lat' dir='ltr'>longinquo</span> <span class='ocrx_word' id='word_1_188' title='bbox 1592 3131 1701 3190; x_wconf 91' lang='lat' dir='ltr'>uotum</span> 
     </span>
    </p>
   </div>
   <div class='ocr_carea' id='block_1_3' title="bbox 353 3241 1701 3451">
    <p class='ocr_par' dir='ltr' id='par_1_5' title="bbox 353 3241 1701 3451">
     <span class='ocr_line' id='line_1_21' title="bbox 354 3241 1701 3330; baseline -0.001 -19"><span class='ocrx_word' id='word_1_189' title='bbox 354 3251 415 3328; x_wconf 85' lang='lat' dir='ltr'>est,</span> <span class='ocrx_word' id='word_1_190' title='bbox 441 3263 513 3311; x_wconf 91' lang='lat' dir='ltr'>curn</span> <span class='ocrx_word' id='word_1_191' title='bbox 535 3244 568 3310; x_wconf 94' lang='lat' dir='ltr'>in</span> <span class='ocrx_word' id='word_1_192' title='bbox 591 3243 696 3329; x_wconf 89' lang='lat' dir='ltr'>ipsam</span> <span class='ocrx_word' id='word_1_193' title='bbox 719 3241 802 3309; x_wconf 91' lang='lat' dir='ltr'>adeo</span> <span class='ocrx_word' id='word_1_194' title='bbox 824 3263 931 3310; x_wconf 90' lang='lat' dir='ltr'>arcem</span> <span class='ocrx_word' id='word_1_195' title='bbox 953 3263 1092 3328; x_wconf 83' lang='lat' dir='ltr'>magnus</span> <span class='ocrx_word' id='word_1_196' title='bbox 1115 3243 1340 3330; x_wconf 89' lang='lat' dir='ltr'>sepulcraliam</span> <span class='ocrx_word' id='word_1_197' title='bbox 1363 3244 1525 3311; x_wconf 89' lang='lat' dir='ltr'>titulorum</span> <span class='ocrx_word' id='word_1_198' title='bbox 1549 3265 1701 3312; x_wconf 87' lang='lat' dir='ltr'>numerus</span> 
     </span>
     <span class='ocr_line' id='line_1_22' title="bbox 353 3362 1425 3451; baseline -0.005 -18"><span class='ocrx_word' id='word_1_199' title='bbox 353 3365 583 3451; x_wconf 72' lang='lat' dir='ltr'>perueneritllz</span> <span class='ocrx_word' id='word_1_200' title='bbox 610 3385 651 3431; x_wconf 86' lang='lat' dir='ltr'>ex</span> <span class='ocrx_word' id='word_1_201' title='bbox 674 3364 752 3430; x_wconf 87' lang='lat' dir='ltr'>urbe</span> <span class='ocrx_word' id='word_1_202' title='bbox 775 3362 937 3430; x_wconf 90' lang='lat' dir='ltr'>rarissime</span> <span class='ocrx_word' id='word_1_203' title='bbox 959 3364 993 3429; x_wconf 91' lang='lat' dir='ltr'>in</span> <span class='ocrx_word' id='word_1_204' title='bbox 1016 3385 1129 3448; x_wconf 85' lang='lat' dir='ltr'>agrum</span> <span class='ocrx_word' id='word_1_205' title='bbox 1151 3365 1425 3447; x_wconf 62' lang='lat' dir='ltr'>deferebantur„</span> 
     </span>
    </p>
   </div>
   <div class='ocr_carea' id='block_1_4' title="bbox 348 3569 1702 5281">
    <p class='ocr_par' dir='ltr' id='par_1_6' title="bbox 352 3569 1702 3900">
     <span class='ocr_line' id='line_1_23' title="bbox 441 3569 1702 3644; baseline 0.001 -18"><span class='ocrx_word' id='word_1_206' title='bbox 441 3573 457 3636; x_wconf 82' lang='lat'>¹)</span> <span class='ocrx_word' id='word_1_207' title='bbox 480 3571 568 3627; x_wconf 80' lang='lat' dir='ltr'>Thria</span> <span class='ocrx_word' id='word_1_208' title='bbox 586 3572 672 3640; x_wconf 78' lang='lat' dir='ltr'>igitur</span> <span class='ocrx_word' id='word_1_209' title='bbox 690 3588 707 3626; x_wconf 89' lang='lat' dir='ltr'>a</span> <span class='ocrx_word' id='word_1_210' title='bbox 724 3570 863 3642; x_wconf 91' lang='lat' dir='ltr'>principio</span> <span class='ocrx_word' id='word_1_211' title='bbox 881 3585 971 3640; x_wconf 81' lang='lat' dir='ltr'>pagus</span> <span class='ocrx_word' id='word_1_212' title='bbox 989 3569 1205 3626; x_wconf 80' lang='lat' dir='ltr'>Atheniensium</span> <span class='ocrx_word' id='word_1_213' title='bbox 1224 3579 1298 3638; x_wconf 88' lang='lat' dir='ltr'>crat,</span> <span class='ocrx_word' id='word_1_214' title='bbox 1326 3589 1381 3642; x_wconf 92' lang='lat' dir='ltr'>quo</span> <span class='ocrx_word' id='word_1_215' title='bbox 1406 3581 1436 3630; x_wconf 90' lang='lat' dir='ltr'>et</span> <span class='ocrx_word' id='word_1_216' title='bbox 1453 3573 1625 3644; x_wconf 88' lang='lat' dir='ltr'>explicatur,</span> <span class='ocrx_word' id='word_1_217' title='bbox 1651 3589 1702 3628; x_wconf 85' lang='lat' dir='ltr'>cnr</span> 
     </span>
     <span class='ocr_line' id='line_1_24' title="bbox 352 3654 1700 3728; baseline 0.001 -16"><span class='ocrx_word' id='word_1_218' title='bbox 352 3657 389 3712; x_wconf 90' lang='lat' dir='ltr'>ah</span> <span class='ocrx_word' id='word_1_219' title='bbox 407 3663 533 3712; x_wconf 86' lang='lat' dir='ltr'>extremo</span> <span class='ocrx_word' id='word_1_220' title='bbox 550 3654 665 3712; x_wconf 86' lang='lat' dir='ltr'>Atticae</span> <span class='ocrx_word' id='word_1_221' title='bbox 685 3657 747 3712; x_wconf 87' lang='lat' dir='ltr'>loco</span> <span class='ocrx_word' id='word_1_222' title='bbox 767 3657 899 3728; x_wconf 89' lang='lat' dir='ltr'>Dipylum</span> <span class='ocrx_word' id='word_1_223' title='bbox 917 3657 1048 3726; x_wconf 89' lang='lat' dir='ltr'>primitus</span> <span class='ocrx_word' id='word_1_224' title='bbox 1066 3657 1180 3728; x_wconf 73' lang='grc' dir='ltr'>θριάιιοι</span> <span class='ocrx_word' id='word_1_225' title='bbox 1198 3657 1276 3710; x_wconf 70' lang='grc' dir='ltr'>πύλαι</span> <span class='ocrx_word' id='word_1_226' title='bbox 1293 3659 1466 3714; x_wconf 88' lang='lat' dir='ltr'>nominatum</span> <span class='ocrx_word' id='word_1_227' title='bbox 1485 3659 1536 3722; x_wconf 87' lang='lat' dir='ltr'>sit,</span> <span class='ocrx_word' id='word_1_228' title='bbox 1561 3663 1590 3713; x_wconf 90' lang='lat' dir='ltr'>ct</span> <span class='ocrx_word' id='word_1_229' title='bbox 1611 3675 1661 3714; x_wconf 88' lang='lat' dir='ltr'>cur</span> <span class='ocrx_word' id='word_1_230' title='bbox 1684 3677 1700 3714; x_wconf 89' lang='lat' dir='ltr'>a</span> 
     </span>
     <span class='ocr_line' id='line_1_25' title="bbox 353 3742 1702 3814; baseline 0.001 -16"><span class='ocrx_word' id='word_1_231' title='bbox 353 3745 442 3814; x_wconf 90' lang='lat' dir='ltr'>primo</span> <span class='ocrx_word' id='word_1_232' title='bbox 461 3744 540 3809; x_wconf 91' lang='lat' dir='ltr'>loco,</span> <span class='ocrx_word' id='word_1_233' title='bbox 560 3745 609 3798; x_wconf 88' lang='lat' dir='ltr'>uhi</span> <span class='ocrx_word' id='word_1_234' title='bbox 627 3745 665 3798; x_wconf 88' lang='lat' dir='ltr'>ad</span> <span class='ocrx_word' id='word_1_235' title='bbox 683 3743 829 3812; x_wconf 85' lang='lat' dir='ltr'>planitiem</span> <span class='ocrx_word' id='word_1_236' title='bbox 848 3742 1020 3798; x_wconf 79' lang='lat' dir='ltr'>Eleusiniam</span> <span class='ocrx_word' id='word_1_237' title='bbox 1039 3744 1237 3804; x_wconf 83' lang='lat' dir='ltr'>descenditur,</span> <span class='ocrx_word' id='word_1_238' title='bbox 1258 3750 1335 3799; x_wconf 91' lang='lat' dir='ltr'>totus</span> <span class='ocrx_word' id='word_1_239' title='bbox 1353 3759 1468 3814; x_wconf 90' lang='lat' dir='ltr'>campus</span> <span class='ocrx_word' id='word_1_240' title='bbox 1487 3760 1574 3814; x_wconf 79' lang='lat' dir='ltr'>rusque</span> <span class='ocrx_word' id='word_1_241' title='bbox 1593 3745 1630 3800; x_wconf 87' lang='lat' dir='ltr'>ad</span> <span class='ocrx_word' id='word_1_242' title='bbox 1649 3745 1702 3800; x_wconf 85' lang='lat' dir='ltr'>Ce-</span> 
     </span>
     <span class='ocr_line' id='line_1_26' title="bbox 353 3827 1145 3900; baseline -0.003 -16"><span class='ocrx_word' id='word_1_243' title='bbox 353 3829 464 3900; x_wconf 91' lang='lat' dir='ltr'>phisum</span> <span class='ocrx_word' id='word_1_244' title='bbox 482 3829 656 3885; x_wconf 82' lang='lat' dir='ltr'>Eleusiniam</span> <span class='ocrx_word' id='word_1_245' title='bbox 676 3827 795 3899; x_wconf 71' lang='grc' dir='ltr'><strong>θριοίσιον</strong></span> <span class='ocrx_word' id='word_1_246' title='bbox 814 3828 900 3881; x_wconf 72' lang='lat' dir='ltr'>utiles</span> <span class='ocrx_word' id='word_1_247' title='bbox 919 3827 1079 3898; x_wconf 88' lang='lat' dir='ltr'>appellatus</span> <span class='ocrx_word' id='word_1_248' title='bbox 1097 3830 1145 3884; x_wconf 90' lang='lat' dir='ltr'>sit.</span> 
     </span>
    </p>

    <p class='ocr_par' dir='ltr' id='par_1_7' title="bbox 350 3905 1698 4244">
     <span class='ocr_line' id='line_1_27' title="bbox 438 3905 1698 3989; baseline 0.004 -23"><span class='ocrx_word' id='word_1_249' title='bbox 438 3916 457 3980; x_wconf 56' lang='grc' dir='ltr'>ἵ]</span> <span class='ocrx_word' id='word_1_250' title='bbox 481 3916 504 3978; x_wconf 90' lang='grc' dir='ltr'>Ι,</span> <span class='ocrx_word' id='word_1_251' title='bbox 523 3917 566 3980; x_wconf 83' lang='grc'>38,</span> <span class='ocrx_word' id='word_1_252' title='bbox 587 3919 617 3970; x_wconf 77' lang='lat'>2:</span> <span class='ocrx_word' id='word_1_253' title='bbox 638 3913 739 3984; x_wconf 71' lang='grc' dir='ltr'>διαβᾶσι</span> <span class='ocrx_word' id='word_1_254' title='bbox 761 3914 821 3973; x_wconf 83' lang='grc' dir='ltr'><strong>τοὺς</strong></span> <span class='ocrx_word' id='word_1_255' title='bbox 844 3907 958 3974; x_wconf 78' lang='grc' dir='ltr'>Ῥειτοὺς</span> <span class='ocrx_word' id='word_1_256' title='bbox 977 3923 1075 3985; x_wconf 78' lang='grc' dir='ltr'><strong>πρῶτος</strong></span> <span class='ocrx_word' id='word_1_257' title='bbox 1094 3905 1157 3984; x_wconf 73' lang='grc' dir='ltr'>ᾤκει</span> <span class='ocrx_word' id='word_1_258' title='bbox 1176 3911 1293 3986; x_wconf 73' lang='grc' dir='ltr'><strong>Κρόκων,</strong></span> <span class='ocrx_word' id='word_1_259' title='bbox 1322 3915 1385 3970; x_wconf 72' lang='grc' dir='ltr'><strong>ἔνθα</strong></span> <span class='ocrx_word' id='word_1_260' title='bbox 1402 3917 1446 3971; x_wconf 76' lang='lat' dir='ltr'>ael</span> <span class='ocrx_word' id='word_1_261' title='bbox 1463 3922 1507 3970; x_wconf 78' lang='grc' dir='ltr'>νῦν</span> <span class='ocrx_word' id='word_1_262' title='bbox 1527 3917 1564 3972; x_wconf 71' lang='grc' dir='ltr'>ἔτι</span> <span class='ocrx_word' id='word_1_263' title='bbox 1584 3917 1698 3989; x_wconf 75' lang='grc' dir='ltr'>βασίλεια</span> 
     </span>
     <span class='ocr_line' id='line_1_28' title="bbox 350 3996 1698 4076; baseline 0.004 -21"><span class='ocrx_word' id='word_1_264' title='bbox 350 4002 465 4057; x_wconf 72' lang='grc' dir='ltr'>καλεῖται</span> <span class='ocrx_word' id='word_1_265' title='bbox 484 3999 677 4074; x_wconf 74' lang='grc' dir='ltr'><strong>Κρόκωνος-</strong></span> <span class='ocrx_word' id='word_1_266' title='bbox 695 3999 745 4072; x_wconf 65' lang='grc' dir='ltr'>ἐγὼ</span> <span class='ocrx_word' id='word_1_267' title='bbox 770 3999 798 4053; x_wconf 75' lang='lat' dir='ltr'>d&#39;e</span> <span class='ocrx_word' id='word_1_268' title='bbox 817 3996 957 4070; x_wconf 72' lang='grc' dir='ltr'>Κρόκωνος</span> <span class='ocrx_word' id='word_1_269' title='bbox 982 4002 1028 4070; x_wconf 83' lang='grc' dir='ltr'><strong>μὲν</strong></span> <span class='ocrx_word' id='word_1_270' title='bbox 1050 4000 1164 4071; x_wconf 76' lang='grc' dir='ltr'>ἀνευρεῖν</span> <span class='ocrx_word' id='word_1_271' title='bbox 1183 4003 1263 4074; x_wconf 69' lang='grc' dir='ltr'><strong>τάφον</strong></span> <span class='ocrx_word' id='word_1_272' title='bbox 1282 4003 1332 4076; x_wconf 73' lang='grc' dir='ltr'><strong>οὐχ</strong></span> <span class='ocrx_word' id='word_1_273' title='bbox 1350 4001 1405 4062; x_wconf 80' lang='grc' dir='ltr'><strong>οἷός</strong></span> <span class='ocrx_word' id='word_1_274' title='bbox 1422 4021 1449 4057; x_wconf 82' lang='grc' dir='ltr'>τε</span> <span class='ocrx_word' id='word_1_275' title='bbox 1468 4003 1605 4076; x_wconf 69' lang='grc' dir='ltr'><strong>ἰγννόρηνε</strong></span> <span class='ocrx_word' id='word_1_276' title='bbox 1633 4020 1698 4060; x_wconf 87' lang='lat' dir='ltr'>con·</span> 
     </span>
     <span class='ocr_line' id='line_1_29' title="bbox 352 4086 1698 4161; baseline 0.003 -19"><span class='ocrx_word' id='word_1_277' title='bbox 352 4087 427 4145; x_wconf 84' lang='lat' dir='ltr'>seras</span> <span class='ocrx_word' id='word_1_278' title='bbox 444 4089 596 4145; x_wconf 76' lang='lat' dir='ltr'>Erechthei</span> <span class='ocrx_word' id='word_1_279' title='bbox 615 4087 773 4158; x_wconf 85' lang='lat' dir='ltr'>sepulcrum</span> <span class='ocrx_word' id='word_1_280' title='bbox 791 4087 819 4142; x_wconf 89' lang='lat' dir='ltr'>in</span> <span class='ocrx_word' id='word_1_281' title='bbox 837 4086 998 4142; x_wconf 85' lang='lat' dir='ltr'>Erechtheo</span> <span class='ocrx_word' id='word_1_282' title='bbox 1016 4088 1152 4157; x_wconf 83' lang='lat' dir='ltr'>positum,</span> <span class='ocrx_word' id='word_1_283' title='bbox 1174 4087 1266 4157; x_wconf 77' lang='lat' dir='ltr'>Aegei</span> <span class='ocrx_word' id='word_1_284' title='bbox 1285 4089 1314 4144; x_wconf 92' lang='lat' dir='ltr'>in</span> <span class='ocrx_word' id='word_1_285' title='bbox 1333 4089 1496 4160; x_wconf 90' lang='lat' dir='ltr'>Delphinio,</span> <span class='ocrx_word' id='word_1_286' title='bbox 1516 4107 1589 4161; x_wconf 89' lang='lat' dir='ltr'>quae</span> <span class='ocrx_word' id='word_1_287' title='bbox 1606 4090 1698 4160; x_wconf 76' lang='lat' dir='ltr'>Aegei</span> 
     </span>
     <span class='ocr_line' id='line_1_30' title="bbox 351 4171 1190 4244; baseline -0.001 -15"><span class='ocrx_word' id='word_1_288' title='bbox 351 4177 430 4244; x_wconf 84' lang='lat' dir='ltr'>regia</span> <span class='ocrx_word' id='word_1_289' title='bbox 447 4173 503 4231; x_wconf 81' lang='lat' dir='ltr'>fuit</span> <span class='ocrx_word' id='word_1_290' title='bbox 524 4173 569 4236; x_wconf 84' lang='lat' dir='ltr'>(ci.</span> <span class='ocrx_word' id='word_1_291' title='bbox 590 4173 718 4228; x_wconf 83' lang='lat' dir='ltr'>Gerhard</span> <span class='ocrx_word' id='word_1_292' title='bbox 740 4171 848 4226; x_wconf 80' lang='lat' dir='ltr'>Grr&#39;ech.</span> <span class='ocrx_word' id='word_1_293' title='bbox 868 4173 986 4244; x_wconf 80' lang='lat' dir='ltr'>Mythol.</span> <span class='ocrx_word' id='word_1_294' title='bbox 1007 4175 1029 4242; x_wconf 68' lang='grc' dir='ltr'>ξ.</span> <span class='ocrx_word' id='word_1_295' title='bbox 1051 4175 1111 4238; x_wconf 76' lang='lat'>3⁰2,</span> <span class='ocrx_word' id='word_1_296' title='bbox 1134 4176 1190 4238; x_wconf 73' lang='lat' dir='ltr'>lc).</span> 
     </span>
    </p>

    <p class='ocr_par' dir='ltr' id='par_1_8' title="bbox 348 4251 1700 5109">
     <span class='ocr_line' id='line_1_31' title="bbox 434 4251 1697 4330; baseline 0.002 -14"><span class='ocrx_word' id='word_1_297' title='bbox 434 4263 453 4326; x_wconf 76' lang='lat'>³]</span> <span class='ocrx_word' id='word_1_298' title='bbox 475 4262 559 4316; x_wconf 85' lang='lat' dir='ltr'>Paua.</span> <span class='ocrx_word' id='word_1_299' title='bbox 581 4261 603 4325; x_wconf 91' lang='lat' dir='ltr'>l,</span> <span class='ocrx_word' id='word_1_300' title='bbox 623 4262 665 4324; x_wconf 69' lang='grc'>38,</span> <span class='ocrx_word' id='word_1_301' title='bbox 687 4261 717 4312; x_wconf 82' lang='lat' dir='ltr'>l:</span> <span class='ocrx_word' id='word_1_302' title='bbox 740 4251 811 4313; x_wconf 74' lang='grc' dir='ltr'>Ἐστι</span> <span class='ocrx_word' id='word_1_303' title='bbox 835 4259 863 4312; x_wconf 75' lang='grc' dir='ltr'>δὲ</span> <span class='ocrx_word' id='word_1_304' title='bbox 885 4251 1075 4319; x_wconf 66' lang='grc' dir='ltr'><strong>Ἱπποθόωντος</strong></span> <span class='ocrx_word' id='word_1_305' title='bbox 1099 4259 1188 4330; x_wconf 76' lang='grc' dir='ltr'><strong>ἡρῷον</strong></span> <span class='ocrx_word' id='word_1_306' title='bbox 1216 4257 1440 4324; x_wconf 60' lang='lat' dir='ltr'>(lacedemonios</span> <span class='ocrx_word' id='word_1_307' title='bbox 1466 4263 1533 4318; x_wconf 84' lang='lat' dir='ltr'>Hos.</span> <span class='ocrx_word' id='word_1_308' title='bbox 1554 4279 1577 4318; x_wconf 84' lang='lat' dir='ltr'>s.</span> <span class='ocrx_word' id='word_1_309' title='bbox 1598 4267 1635 4328; x_wconf 83' lang='lat' dir='ltr'>v.)</span> <span class='ocrx_word' id='word_1_310' title='bbox 1662 4293 1697 4302; x_wconf 94' lang='lat'>-</span> 
     </span>
     <span class='ocr_line' id='line_1_32' title="bbox 349 4343 1698 4419; baseline 0.004 -19"><span class='ocrx_word' id='word_1_311' title='bbox 349 4347 394 4400; x_wconf 77' lang='lat' dir='ltr'>aci</span> <span class='ocrx_word' id='word_1_312' title='bbox 411 4347 518 4418; x_wconf 75' lang='grc' dir='ltr'><strong>πλησίον</strong></span> <span class='ocrx_word' id='word_1_313' title='bbox 532 4345 653 4418; x_wconf 75' lang='grc' dir='ltr'><strong>Ζάρηκος</strong></span> <span class='ocrx_word' id='word_1_314' title='bbox 670 4375 705 4384; x_wconf 95' lang='grc'>-</span> <span class='ocrx_word' id='word_1_315' title='bbox 728 4343 771 4403; x_wconf 82' lang='lat' dir='ltr'>lcl&#39;.</span> <span class='ocrx_word' id='word_1_316' title='bbox 786 4346 940 4401; x_wconf 82' lang='lat' dir='ltr'>Herodian.</span> <span class='ocrx_word' id='word_1_317' title='bbox 960 4347 1017 4416; x_wconf 78' lang='grc' dir='ltr'><strong>περὶ</strong></span> <span class='ocrx_word' id='word_1_318' title='bbox 1035 4345 1178 4418; x_wconf 72' lang='grc' dir='ltr'>καθολιιιῆς</span> <span class='ocrx_word' id='word_1_319' title='bbox 1197 4348 1340 4419; x_wconf 72' lang='grc' dir='ltr'><strong>προσῳδίας</strong></span> <span class='ocrx_word' id='word_1_320' title='bbox 1359 4367 1385 4419; x_wconf 92' lang='lat' dir='ltr'>p.</span> <span class='ocrx_word' id='word_1_321' title='bbox 1401 4351 1443 4414; x_wconf 82' lang='grc'>45,</span> <span class='ocrx_word' id='word_1_322' title='bbox 1458 4351 1491 4402; x_wconf 74' lang='grc'>23</span> <span class='ocrx_word' id='word_1_323' title='bbox 1505 4351 1625 4416; x_wconf 72' lang='lat' dir='ltr'>Lentu).</span> <span class='ocrx_word' id='word_1_324' title='bbox 1655 4351 1698 4405; x_wconf 93' lang='lat' dir='ltr'>De</span> 
     </span>
     <span class='ocr_line' id='line_1_33' title="bbox 351 4431 1699 4506; baseline 0.001 -18"><span class='ocrx_word' id='word_1_325' title='bbox 351 4433 562 4504; x_wconf 88' lang='lat' dir='ltr'>Hippothooutc</span> <span class='ocrx_word' id='word_1_326' title='bbox 580 4433 618 4488; x_wconf 80' lang='lat' dir='ltr'>cl&#39;.</span> <span class='ocrx_word' id='word_1_327' title='bbox 637 4433 719 4490; x_wconf 89' lang='lat' dir='ltr'>Paua.</span> <span class='ocrx_word' id='word_1_328' title='bbox 740 4431 762 4496; x_wconf 91' lang='lat'>1,</span> <span class='ocrx_word' id='word_1_329' title='bbox 784 4434 826 4496; x_wconf 78' lang='grc'>39,</span> <span class='ocrx_word' id='word_1_330' title='bbox 847 4436 872 4485; x_wconf 81' lang='grc'>3.</span> <span class='ocrx_word' id='word_1_331' title='bbox 909 4433 1018 4487; x_wconf 89' lang='lat' dir='ltr'>Preller</span> <span class='ocrx_word' id='word_1_332' title='bbox 1039 4433 1147 4486; x_wconf 73' lang='lat' dir='ltr'>(iricch.</span> <span class='ocrx_word' id='word_1_333' title='bbox 1169 4434 1284 4504; x_wconf 75' lang='lat' dir='ltr'>Mythol.</span> <span class='ocrx_word' id='word_1_334' title='bbox 1306 4437 1360 4506; x_wconf 88' lang='lat' dir='ltr'>lp.</span> <span class='ocrx_word' id='word_1_335' title='bbox 1375 4438 1434 4489; x_wconf 81' lang='grc'>460,</span> <span class='ocrx_word' id='word_1_336' title='bbox 1456 4435 1483 4490; x_wconf 90' lang='lat'>11</span> <span class='ocrx_word' id='word_1_337' title='bbox 1496 4453 1524 4506; x_wconf 93' lang='lat' dir='ltr'>p.</span> <span class='ocrx_word' id='word_1_338' title='bbox 1538 4437 1599 4492; x_wconf 74' lang='grc'><strong>296.</strong></span> <span class='ocrx_word' id='word_1_339' title='bbox 1631 4435 1699 4492; x_wconf 83' lang='lat' dir='ltr'>Ger-</span> 
     </span>
     <span class='ocr_line' id='line_1_34' title="bbox 351 4517 1699 4590; baseline 0.002 -17"><span class='ocrx_word' id='word_1_340' title='bbox 351 4519 421 4574; x_wconf 89' lang='lat' dir='ltr'>hard</span> <span class='ocrx_word' id='word_1_341' title='bbox 441 4521 453 4586; x_wconf 70' lang='grc' dir='ltr'><strong>ξ</strong></span> <span class='ocrx_word' id='word_1_342' title='bbox 473 4521 532 4584; x_wconf 76' lang='grc'><strong>432,</strong></span> <span class='ocrx_word' id='word_1_343' title='bbox 554 4521 617 4583; x_wconf 74' lang='lat' dir='ltr'>ld).</span> <span class='ocrx_word' id='word_1_344' title='bbox 660 4517 824 4587; x_wconf 85' lang='lat' dir='ltr'>Comparari</span> <span class='ocrx_word' id='word_1_345' title='bbox 847 4525 943 4590; x_wconf 88' lang='lat' dir='ltr'>potest</span> <span class='ocrx_word' id='word_1_346' title='bbox 968 4520 1123 4574; x_wconf 84' lang='lat' dir='ltr'>Lcoccrlou</span> <span class='ocrx_word' id='word_1_347' title='bbox 1148 4520 1176 4575; x_wconf 93' lang='lat' dir='ltr'>in</span> <span class='ocrx_word' id='word_1_348' title='bbox 1199 4521 1360 4585; x_wconf 82' lang='lat' dir='ltr'>Ceramico,</span> <span class='ocrx_word' id='word_1_349' title='bbox 1387 4521 1583 4578; x_wconf 82' lang='lat' dir='ltr'>Acanrantidis</span> <span class='ocrx_word' id='word_1_350' title='bbox 1608 4522 1699 4578; x_wconf 87' lang='lat' dir='ltr'>trihus</span> 
     </span>
     <span class='ocr_line' id='line_1_35' title="bbox 351 4603 1698 4677; baseline -0.001 -15"><span class='ocrx_word' id='word_1_351' title='bbox 351 4610 442 4672; x_wconf 78' lang='lat' dir='ltr'>(lamo,</span> <span class='ocrx_word' id='word_1_352' title='bbox 463 4615 493 4664; x_wconf 88' lang='lat' dir='ltr'>ct</span> <span class='ocrx_word' id='word_1_353' title='bbox 511 4608 677 4677; x_wconf 80' lang='lat' dir='ltr'>Cecropium</span> <span class='ocrx_word' id='word_1_354' title='bbox 696 4605 724 4658; x_wconf 91' lang='lat' dir='ltr'>in</span> <span class='ocrx_word' id='word_1_355' title='bbox 742 4603 830 4658; x_wconf 80' lang='lat' dir='ltr'>&#39;Phria</span> <span class='ocrx_word' id='word_1_356' title='bbox 848 4605 981 4661; x_wconf 84' lang='lat' dir='ltr'>Oeneidis</span> <span class='ocrx_word' id='word_1_357' title='bbox 1001 4607 1083 4661; x_wconf 88' lang='lat' dir='ltr'>demo</span> <span class='ocrx_word' id='word_1_358' title='bbox 1102 4608 1247 4662; x_wconf 89' lang='lat' dir='ltr'>conditum</span> <span class='ocrx_word' id='word_1_359' title='bbox 1268 4609 1309 4672; x_wconf 69' lang='lat' dir='ltr'>(C.</span> <span class='ocrx_word' id='word_1_360' title='bbox 1330 4609 1352 4664; x_wconf 91' lang='lat'>1.</span> <span class='ocrx_word' id='word_1_361' title='bbox 1373 4607 1409 4662; x_wconf 83' lang='lat' dir='ltr'>A.</span> <span class='ocrx_word' id='word_1_362' title='bbox 1431 4609 1473 4664; x_wconf 90' lang='lat'>111</span> <span class='ocrx_word' id='word_1_363' title='bbox 1491 4609 1559 4662; x_wconf 81' lang='lat' dir='ltr'>61ss</span> <span class='ocrx_word' id='word_1_364' title='bbox 1583 4609 1621 4673; x_wconf 92' lang='lat'>11,</span> <span class='ocrx_word' id='word_1_365' title='bbox 1642 4609 1698 4671; x_wconf 76' lang='grc' dir='ltr'>4ο.</span> 
     </span>
     <span class='ocr_line' id='line_1_36' title="bbox 348 4691 1700 4764; baseline 0 -14"><span class='ocrx_word' id='word_1_366' title='bbox 348 4695 480 4751; x_wconf 82' lang='lat' dir='ltr'>ceterum</span> <span class='ocrx_word' id='word_1_367' title='bbox 498 4695 534 4750; x_wconf 89' lang='lat' dir='ltr'>de</span> <span class='ocrx_word' id='word_1_368' title='bbox 552 4691 801 4752; x_wconf 83' lang='lat' dir='ltr'>Scambouldaram</span> <span class='ocrx_word' id='word_1_369' title='bbox 820 4691 902 4746; x_wconf 89' lang='lat' dir='ltr'>demo</span> <span class='ocrx_word' id='word_1_370' title='bbox 921 4694 1039 4762; x_wconf 86' lang='lat' dir='ltr'>eiusque</span> <span class='ocrx_word' id='word_1_371' title='bbox 1063 4695 1152 4749; x_wconf 84' lang='lat' dir='ltr'>sacris</span> <span class='ocrx_word' id='word_1_372' title='bbox 1176 4691 1238 4748; x_wconf 84' lang='lat' dir='ltr'>iaso</span> <span class='ocrx_word' id='word_1_373' title='bbox 1260 4701 1377 4763; x_wconf 81' lang='lat' dir='ltr'>egerant</span> <span class='ocrx_word' id='word_1_374' title='bbox 1394 4696 1541 4764; x_wconf 76' lang='lat' dir='ltr'>Lycurgus</span> <span class='ocrx_word' id='word_1_375' title='bbox 1561 4695 1616 4760; x_wconf 79' lang='lat' dir='ltr'>(vel</span> <span class='ocrx_word' id='word_1_376' title='bbox 1634 4694 1700 4750; x_wconf 89' lang='lat' dir='ltr'>Phl-</span> 
     </span>
     <span class='ocr_line' id='line_1_37' title="bbox 350 4775 1698 4850; baseline 0 -15"><span class='ocrx_word' id='word_1_377' title='bbox 350 4781 429 4844; x_wconf 76' lang='lat' dir='ltr'>linusj</span> <span class='ocrx_word' id='word_1_378' title='bbox 454 4787 484 4835; x_wconf 91' lang='lat' dir='ltr'>et</span> <span class='ocrx_word' id='word_1_379' title='bbox 501 4779 660 4834; x_wconf 85' lang='lat' dir='ltr'>Dinarchus</span> <span class='ocrx_word' id='word_1_380' title='bbox 679 4776 707 4830; x_wconf 94' lang='lat' dir='ltr'>in</span> <span class='ocrx_word' id='word_1_381' title='bbox 725 4775 868 4848; x_wconf 68' lang='grc' dir='ltr'>διαδικασίᾳ</span> <span class='ocrx_word' id='word_1_382' title='bbox 886 4779 943 4846; x_wconf 77' lang='grc' dir='ltr'><strong>περὶ</strong></span> <span class='ocrx_word' id='word_1_383' title='bbox 962 4775 1134 4848; x_wconf 70' lang='grc' dir='ltr'><strong>Κροκωνιδῶν</strong></span> <span class='ocrx_word' id='word_1_384' title='bbox 1152 4781 1196 4834; x_wconf 80' lang='lat' dir='ltr'>acl</span> <span class='ocrx_word' id='word_1_385' title='bbox 1214 4777 1378 4850; x_wconf 74' lang='grc' dir='ltr'><strong>Κοιρωνιὸῶν</strong></span> <span class='ocrx_word' id='word_1_386' title='bbox 1397 4781 1481 4849; x_wconf 87' lang='lat' dir='ltr'>llarp.</span> <span class='ocrx_word' id='word_1_387' title='bbox 1503 4797 1525 4836; x_wconf 88' lang='lat' dir='ltr'>s.</span> <span class='ocrx_word' id='word_1_388' title='bbox 1540 4799 1586 4837; x_wconf 86' lang='lat' dir='ltr'>vv.</span> <span class='ocrx_word' id='word_1_389' title='bbox 1608 4777 1698 4850; x_wconf 71' lang='grc' dir='ltr'><strong>Σκομ-</strong></span> 
     </span>
     <span class='ocr_line' id='line_1_38' title="bbox 349 4861 1695 4942; baseline 0.001 -22"><span class='ocrx_word' id='word_1_390' title='bbox 349 4866 463 4937; x_wconf 75' lang='grc' dir='ltr'><strong>βωνίδοι.</strong></span> <span class='ocrx_word' id='word_1_391' title='bbox 489 4861 652 4936; x_wconf 77' lang='grc' dir='ltr'><strong>Κοιρωνίὸαι.</strong></span> <span class='ocrx_word' id='word_1_392' title='bbox 679 4863 800 4920; x_wconf 73' lang='lat' dir='ltr'>flaciacus.</span> <span class='ocrx_word' id='word_1_393' title='bbox 828 4863 958 4920; x_wconf 78' lang='grc' dir='ltr'><strong>Κνννίόαι.</strong></span> <span class='ocrx_word' id='word_1_394' title='bbox 984 4867 1100 4939; x_wconf 74' lang='grc' dir='ltr'><strong>ἐξούλης.</strong></span> <span class='ocrx_word' id='word_1_395' title='bbox 1129 4869 1288 4942; x_wconf 61' lang='lat' dir='ltr'>[apocalama.</span> <span class='ocrx_word' id='word_1_396' title='bbox 1329 4869 1372 4924; x_wconf 81' lang='lat' dir='ltr'>Cf.</span> <span class='ocrx_word' id='word_1_397' title='bbox 1398 4865 1502 4924; x_wconf 76' lang='lat' dir='ltr'>Athen.</span> <span class='ocrx_word' id='word_1_398' title='bbox 1523 4868 1550 4922; x_wconf 90' lang='lat' dir='ltr'>X</span> <span class='ocrx_word' id='word_1_399' title='bbox 1572 4886 1601 4939; x_wconf 89' lang='lat' dir='ltr'>p.</span> <span class='ocrx_word' id='word_1_400' title='bbox 1622 4867 1695 4922; x_wconf 68' lang='lat'>4²5¹».</span> 
     </span>
     <span class='ocr_line' id='line_1_39' title="bbox 350 4951 1698 5023; baseline 0 -15"><span class='ocrx_word' id='word_1_401' title='bbox 350 4954 390 5008; x_wconf 86' lang='lat' dir='ltr'>Ea</span> <span class='ocrx_word' id='word_1_402' title='bbox 409 4951 469 5007; x_wconf 84' lang='lat' dir='ltr'>iere</span> <span class='ocrx_word' id='word_1_403' title='bbox 487 4953 638 5008; x_wconf 88' lang='lat' dir='ltr'>omnia-ad</span> <span class='ocrx_word' id='word_1_404' title='bbox 656 4967 735 5007; x_wconf 88' lang='lat' dir='ltr'>sacra</span> <span class='ocrx_word' id='word_1_405' title='bbox 752 4952 897 5008; x_wconf 87' lang='lat' dir='ltr'>Eleusinia</span> <span class='ocrx_word' id='word_1_406' title='bbox 915 4961 1061 5023; x_wconf 87' lang='lat' dir='ltr'>spectant,</span> <span class='ocrx_word' id='word_1_407' title='bbox 1083 4961 1114 5009; x_wconf 91' lang='lat' dir='ltr'>ut</span> <span class='ocrx_word' id='word_1_408' title='bbox 1132 4956 1216 5010; x_wconf 85' lang='lat' dir='ltr'>ctiam</span> <span class='ocrx_word' id='word_1_409' title='bbox 1236 4956 1302 5010; x_wconf 88' lang='lat' dir='ltr'>lade</span> <span class='ocrx_word' id='word_1_410' title='bbox 1320 4957 1431 5010; x_wconf 86' lang='lat' dir='ltr'>demum</span> <span class='ocrx_word' id='word_1_411' title='bbox 1450 4956 1478 5010; x_wconf 91' lang='lat' dir='ltr'>in</span> <span class='ocrx_word' id='word_1_412' title='bbox 1497 4961 1572 5010; x_wconf 89' lang='lat' dir='ltr'>terra</span> <span class='ocrx_word' id='word_1_413' title='bbox 1590 4955 1698 5010; x_wconf 90' lang='lat' dir='ltr'>Eleusi-</span> 
     </span>
     <span class='ocr_line' id='line_1_40' title="bbox 348 5036 830 5109; baseline -0.006 -16"><span class='ocrx_word' id='word_1_414' title='bbox 348 5039 457 5096; x_wconf 86' lang='lat' dir='ltr'>nioruru</span> <span class='ocrx_word' id='word_1_415' title='bbox 476 5039 560 5094; x_wconf 88' lang='lat' dir='ltr'>situm</span> <span class='ocrx_word' id='word_1_416' title='bbox 579 5036 667 5094; x_wconf 83' lang='lat' dir='ltr'>luisse</span> <span class='ocrx_word' id='word_1_417' title='bbox 686 5045 830 5109; x_wconf 86' lang='lat' dir='ltr'>appareat.</span> 
     </span>
    </p>

    <p class='ocr_par' dir='ltr' id='par_1_9' title="bbox 435 5121 823 5194">
     <span class='ocr_line' id='line_1_41' title="bbox 435 5121 823 5194; baseline -0.005 -16"><span class='ocrx_word' id='word_1_418' title='bbox 435 5124 456 5184; x_wconf 77' lang='lat' dir='ltr'>‘t</span> <span class='ocrx_word' id='word_1_419' title='bbox 477 5121 513 5178; x_wconf 86' lang='lat' dir='ltr'>ci.</span> <span class='ocrx_word' id='word_1_420' title='bbox 535 5121 720 5180; x_wconf 88' lang='lat' dir='ltr'>Wachsmuth</span> <span class='ocrx_word' id='word_1_421' title='bbox 738 5139 767 5194; x_wconf 91' lang='lat' dir='ltr'>p.</span> <span class='ocrx_word' id='word_1_422' title='bbox 782 5125 823 5176; x_wconf 80' lang='lat'>5³.</span> 
     </span>
    </p>

    <p class='ocr_par' dir='ltr' id='par_1_10' title="bbox 438 5206 1700 5281">
     <span class='ocr_line' id='line_1_42' title="bbox 438 5206 1700 5281; baseline 0.005 -19"><span class='ocrx_word' id='word_1_423' title='bbox 438 5210 457 5272; x_wconf 73' lang='lat'>⁵2</span> <span class='ocrx_word' id='word_1_424' title='bbox 480 5207 513 5264; x_wconf 88' lang='lat' dir='ltr'>Id</span> <span class='ocrx_word' id='word_1_425' title='bbox 538 5209 585 5279; x_wconf 90' lang='lat' dir='ltr'>qul</span> <span class='ocrx_word' id='word_1_426' title='bbox 610 5206 715 5264; x_wconf 84' lang='lat' dir='ltr'>tactum</span> <span class='ocrx_word' id='word_1_427' title='bbox 734 5209 772 5264; x_wconf 90' lang='lat' dir='ltr'>slt</span> <span class='ocrx_word' id='word_1_428' title='bbox 790 5209 818 5264; x_wconf 90' lang='lat' dir='ltr'>iu</span> <span class='ocrx_word' id='word_1_429' title='bbox 837 5209 869 5266; x_wconf 83' lang='lat' dir='ltr'>C.</span> <span class='ocrx_word' id='word_1_430' title='bbox 890 5209 911 5265; x_wconf 91' lang='lat'>1.</span> <span class='ocrx_word' id='word_1_431' title='bbox 932 5209 968 5264; x_wconf 80' lang='lat' dir='ltr'>A.</span> <span class='ocrx_word' id='word_1_432' title='bbox 990 5209 1003 5266; x_wconf 93' lang='lat'>1</span> <span class='ocrx_word' id='word_1_433' title='bbox 1022 5213 1070 5274; x_wconf 78' lang='grc'>32,</span> <span class='ocrx_word' id='word_1_434' title='bbox 1096 5209 1208 5266; x_wconf 80' lang='lat' dir='ltr'>facilem</span> <span class='ocrx_word' id='word_1_435' title='bbox 1227 5211 1314 5266; x_wconf 88' lang='lat' dir='ltr'>hahet</span> <span class='ocrx_word' id='word_1_436' title='bbox 1332 5211 1557 5281; x_wconf 82' lang='lat' dir='ltr'>explicationem.</span> <span class='ocrx_word' id='word_1_437' title='bbox 1593 5209 1700 5270; x_wconf 82' lang='lat' dir='ltr'>Contra</span> 
     </span>
    </p>
   </div>
   <div class='ocr_carea' id='block_1_5' title="bbox 0 0 2230 6384">
    <p class='ocr_par' dir='ltr' id='par_1_11' title="bbox 0 0 2230 6384">
     <span class='ocr_line' id='line_1_43' title="bbox 0 0 2230 6384; baseline 0 4"><span class='ocrx_word' id='word_1_438' title='bbox 0 0 2230 6384; x_wconf 95' lang='lat' dir='ltr'> </span> 
     </span>
    </p>
   </div>
  </div>
 </body>
</html>
