4206 6248
533 621 574 684 68
1106 619 1141 676 R.
1162 621 1299 677 HlRleL

618 810 750 877 Videtur
775 810 874 894 igitur
901 818 1022 877 certum
1044 811 1109 877 iam
1131 833 1171 878 ac
1193 813 1369 878 stabilitum
1393 832 1466 879 esse
1489 832 1552 878 non
1575 811 1816 911 Peripateticis,
1844 817 1879 877 ut

531 931 628 1016 vulgo
658 931 775 1016 lemur,
807 932 867 998 sed
893 932 1008 998 Stoicis
1038 933 1164 1017 logicae
1195 954 1312 1000 nomeu
1342 932 1464 1000 deberi.
1510 934 1560 999 Ne
1582 939 1689 998 tamen
1720 932 1878 997 nimicae

530 1059 733 1137 praematuro
763 1053 883 1137 gaudio
913 1054 1127 1120 exsultemus!
1165 1054 1287 1121 Audire
1316 1054 1401 1120 enim
1428 1054 1508 1120 mihi
1535 1055 1646 1121 videor
1673 1053 1878 1138 increpantes

528 1173 640 1238 iudicii
669 1173 884 1240 infirmitatem
916 1173 1081 1240 doctrinae
1110 1175 1272 1241 levitatem
1304 1175 1473 1261 ipsumque
1503 1175 1690 1242 Ciceronem
1719 1172 1799 1238 mihi
1827 1173 1878 1238 in-

449 1377 458 1392 ,
530 1295 711 1378 calcantes,
745 1295 800 1377 qui
827 1294 861 1359 in
892 1296 1032 1361 secundo
1061 1297 1101 1362 de
1124 1303 1250 1362 oratore
1280 1300 1331 1381 38,
1355 1300 1412 1360 157
1436 1297 1533 1385 ,testis
1564 1296 1607 1362 sit
1635 1293 1876 1361 anobilissimo

458 1392 460 1396 ¹
529 1414 635 1481 Stoico
650 1414 796 1499 Diogene
812 1416 991 1502 Babylonio
1013 1423 1114 1483 artem
1137 1418 1219 1483 bene
1242 1417 1422 1484 disserendi
1446 1423 1483 1506 et,
1499 1437 1577 1484 vera
1598 1436 1637 1482 ac
1657 1415 1743 1481 falsa
1757 1412 1876 1479 diiudi-

528 1536 624 1601 candi
647 1540 835 1623 διαλεκτικῆς
857 1537 986 1603 nomine
1008 1537 1194 1622 insignitam
1218 1559 1301 1605 esse.
1349 1539 1462 1624 Neque
1478 1538 1531 1604 hic
1550 1538 1638 1603 solus
1653 1536 1715 1602 fuit
1729 1535 1787 1601 sed
1803 1555 1874 1600 cum

527 1678 566 1723 eo
589 1657 713 1724 faciunt
735 1657 927 1725 Posidonius
949 1665 983 1724 et
1004 1658 1216 1744 Chrysippus,
1243 1661 1297 1744 qui
1321 1660 1466 1744 Diogene
1489 1659 1648 1741 Ladrtio¹l
1676 1664 1806 1722 auctore
1829 1655 1876 1722 ita

527 1777 730 1844 dialecticam
760 1778 952 1845 definierunt
980 1786 1015 1844 ut
1037 1779 1103 1845 alio
1132 1780 1175 1845 ad
1198 1781 1281 1846 hanc
1303 1780 1528 1866 philosophiae
1550 1785 1674 1864 partem
1697 1777 1874 1862 designan-

526 1900 600 1965 dam
631 1899 760 1966 nomine
782 1900 878 1983 quale
901 1899 1006 1986 λογική
1031 1900 1147 1967 fuisset
1167 1922 1230 1967 non
1254 1901 1384 1986 egnisse
1406 1900 1586 1967 videantur.
1634 1899 1768 1966 Accedit
1788 1900 1874 1964 noe-

525 2020 613 2086 thius
643 2020 793 2105 idemque
823 2040 858 2086 se
886 2021 950 2086 iam
979 2020 1099 2087 dudum
1128 2021 1251 2088 dixisse
1273 2044 1392 2107 magna
1415 2043 1492 2088 voce
1516 2022 1634 2088 clamat
1656 2021 1779 2087 Stoicos
1801 2019 1874 2086 dia-

524 2141 658 2208 lecticae
693 2163 808 2208 nomen
837 2142 1067 2228 Peripateticos
1100 2143 1226 2227 logicae
1260 2163 1447 2229 usurpasse.
1494 2144 1545 2209 Ita
1573 2142 1627 2209 bic
1654 2163 1748 2226 quem
1778 2141 1873 2206 modo

525 2262 683 2329 iacentem
707 2264 917 2330 credebamus
940 2263 1074 2347 erigitur
1095 2260 1249 2347 firmoque
1271 2264 1354 2350 pede
1371 2271 1481 2331 contra
1496 2264 1683 2331 Ciceronem
1699 2264 1751 2329 vel
1767 2262 1873 2349 potius

524 2390 635 2450 contra
657 2404 773 2470 pravos
795 2385 865 2452 cius
887 2385 1078 2470 interpretes
1100 2384 1261 2452 obnititur.
1306 2386 1356 2451 Ex
1378 2386 1430 2452 his
1451 2385 1612 2469 angustiis
1635 2384 1791 2470 quomodo
1813 2403 1872 2448 nos

522 2505 755 2590 expediemus?
798 2506 881 2573 Ecce
904 2506 1150 2592 desperantibus
1171 2506 1237 2575 iam
1260 2513 1292 2574 et
1317 2528 1421 2592 paene
1443 2506 1565 2574 obrutis
1588 2507 1714 2572 Seneca
1735 2505 1870 2592 primam

521 2633 554 2692 et
574 2626 792 2711 gratissimam
815 2647 908 2713 opem
923 2627 1000 2693 fert:
1029 2627 1133 2712 quiin
1156 2628 1250 2714 epist.
1269 2632 1321 2712 89,
1341 2632 1361 2693 9
1383 2636 1449 2695 tres
1471 2628 1624 2696 aStoicis
1647 2626 1871 2713 philosophiae

520 2754 628 2832 partes
651 2756 854 2815 enumeratas
877 2768 950 2817 esse
966 2749 1050 2815 dixit
1065 2749 1219 2815 moralem
1234 2749 1414 2816 naturalem
1429 2750 1628 2816 rationalem.
1669 2747 1869 2814 Rationalem

520 2876 628 2935 autem
657 2889 728 2936 cum
758 2869 853 2953 dicit,
886 2869 981 2936 vertit
1003 2869 1198 2936 Graecorum
1221 2865 1356 2957 λογικήν.
1403 2871 1517 2955 Neque
1539 2878 1653 2937 testem
1677 2875 1799 2934 tantum
1823 2867 1870 2933 ita

520 2989 735 3056 nanciscimur
763 2991 955 3057 sententiam
983 2998 1125 3057 nostram
1154 2991 1392 3058 confirmantem
1423 2991 1482 3057 sed
1511 2991 1607 3057 etiam
1635 2990 1787 3056 arbitrum
1814 2988 1869 3073 qui

519 3109 609 3176 litem
637 3112 732 3177 modo
761 3118 862 3177 ortam
891 3120 1069 3198 componat.
1117 3113 1209 3178 Duae
1240 3113 1325 3179 enirn
1351 3113 1384 3178 in
1407 3112 1525 3185 eadem
1543 3111 1681 3197 epistola
1701 3109 1869 3180 rationalis

517 3230 710 3317 disciplinae
739 3239 848 3318 partes
878 3233 1135 3317 distinguuntur,
1172 3255 1237 3300 una
1269 3255 1353 3319 qnae
1382 3234 1482 3300 rerba
1510 3240 1600 3299 curat
1630 3240 1661 3299 et
1690 3251 1806 3298 sensus
1835 3238 1867 3297 et

515 3352 659 3418 ordinem
690 3349 849 3440 ῥητορική,
881 3355 985 3420 altera
1012 3355 1184 3421 multarum
1210 3375 1249 3421 ac
1270 3356 1433 3422 variarum
1461 3361 1494 3422 et
1521 3355 1593 3441 ipsa
1621 3353 1761 3439 partium
1791 3356 1865 3418 δια-

516 3471 649 3560 λεκτική.
695 3475 898 3560 Quamquam
920 3475 1019 3560 igitur
1040 3477 1149 3560 logica
1170 3483 1203 3542 et
1224 3477 1395 3543 dialectica
1411 3497 1474 3542 non
1496 3494 1626 3562 prorsus
1641 3474 1775 3541 eaedem
1791 3481 1866 3541 sunt

516 3604 548 3661 et
571 3596 672 3662 altera
693 3596 882 3682 ampliorem
905 3596 1120 3681 significatum
1143 3596 1256 3683 habet,
1278 3619 1398 3682 magna
1418 3605 1526 3664 tamen
1549 3603 1702 3682 exparte
1724 3595 1807 3662 inter
1829 3615 1864 3661 se

516 3724 695 3801 congruunt
716 3718 852 3802 ideoque
882 3717 979 3783 facile
1008 3717 1078 3784 fieri
1106 3718 1225 3804 potuit,
1258 3725 1293 3786 ut
1321 3719 1385 3784 duo
1415 3716 1496 3784 haec
1524 3717 1654 3784 nomina
1682 3717 1862 3803 promiscue

515 3846 744 3924 usurparentur
753 3841 776 3924 Ἰ),
808 3845 841 3905 et
861 3839 968 3923 logica
990 3839 1121 3925 saepius
1143 3840 1302 3906 diceretur
1323 3859 1406 3924 quae
1429 3859 1469 3904 ex
1497 3839 1626 3924 propria
1647 3858 1686 3905 ac
1708 3837 1865 3923 peculiari

518 3959 693 4025 Stoicorum
721 3959 872 4044 loquendi
894 3959 1126 4027 consuetudine
1155 3960 1325 4027 dialectica
1346 3959 1492 4026 vocanda
1514 3966 1610 4025 esset.
1656 3959 1695 4024 Id
1717 3957 1803 4043 quod
1825 3978 1863 4024 eo

515 4080 621 4145 minus
650 4080 832 4146 mirandum
862 4089 929 4165 est,
966 4081 1051 4166 quod
1084 4082 1213 4148 illarum
1242 4084 1364 4168 λογικῆς
1393 4081 1532 4167 partium
1557 4080 1735 4147 rhetoricae
1765 4079 1865 4145 Stoici

604 4377 620 4440 ¹)
642 4374 679 4430 cs.
695 4375 751 4432 Vll
763 4379 811 4432 ou:
833 4376 980 4447 blahercurth
1000 4376 1028 4429 δέ
1046 4377 1121 4441 ἐστιν,
1141 4379 1177 4437 ὥς
1196 4395 1258 4448 φησι
1276 4374 1455 4442 Ποσειδώνιος,
1475 4376 1604 4450 ἐπιστήμη
1622 4375 1728 4448 ἀληθῶν
1742 4375 1785 4428 uui
1797 4373 1861 4448 ψευ-

514 4463 565 4516 δῶν
583 4464 626 4517 καὶ
644 4464 800 4536 οὐδετέρων·
824 4465 943 4538 τυγχάνει
961 4463 982 4515 δ’
1006 4461 1085 4537 αὕτη,
1106 4467 1141 4525 ὡς
1160 4464 1173 4518 ὁ
1192 4462 1340 4535 Χρύσιππός
1359 4482 1436 4536 φησι,
1456 4463 1515 4535 περὶ
1532 4464 1687 4535 σημαίνοντα
1704 4463 1749 4517 καὶ
1767 4481 1862 4536 σημαι-

513 4551 615 4621 adpetet.

600 4637 618 4703 ²)
641 4638 686 4692 Ita
705 4637 803 4691 Cicero
829 4638 857 4691 in
876 4637 1098 4693 Tusculanarum
1123 4645 1225 4708 quarto
1243 4654 1315 4709 quae
1334 4639 1395 4708 ipsa
1413 4637 1516 4693 deinde
1534 4637 1627 4705 logica
1644 4637 1760 4693 vocavit
1778 4643 1862 4692 antea

512 4727 536 4788 5,
548 4729 564 4775 9
578 4725 618 4779 ita
631 4724 841 4791 significaverat
853 4731 885 4779 ut
897 4725 1051 4779 orationem
1065 4741 1096 4780 so
1108 4727 1252 4794 paululum
1266 4726 1480 4780 dialecticorum
1492 4726 1576 4779 remis
1589 4725 1784 4794 propulsurum
1797 4738 1860 4779 esse

511 4813 628 4866 diceret.
661 4811 698 4865 Et
715 4827 787 4882 quac
805 4812 834 4865 in
853 4812 937 4866 tertio
956 4812 992 4866 de
1010 4811 1113 4867 finibus
1132 4814 1173 4878 21,
1189 4815 1222 4864 72
1240 4814 1331 4869 virtus
1349 4813 1503 4867 dialectiea
1514 4811 1681 4880 appellatur,
1704 4810 1801 4865 uadem
1815 4815 1859 4864 est

511 4906 596 4968 atquc
614 4898 692 4968 ἀρετὴ
711 4897 802 4970 lupari
828 4899 864 4953 de
889 4914 945 4969 qua
963 4897 999 4952 cf.
1021 4899 1106 4966 Diog.
1126 4900 1220 4954 baert.
1242 4900 1297 4955 VII
1316 4900 1358 4952 92.
1397 4899 1560 4969 Eodemque
1578 4899 1703 4967 pertinet
1720 4897 1804 4964 Diog.
1825 4898 1856 4951 L.

512 4990 544 5038 83
564 4988 611 5042 ubi
631 4988 720 5040 solum
740 4987 895 5056 sapientem
915 5002 977 5041 esse
996 4986 1178 5040 dialecticum
1196 4987 1333 5056 probatur
1351 5002 1385 5040 eo
1404 4985 1479 5057 quod
1498 5001 1594 5040 omues
1609 5000 1654 5039 res
1667 4998 1859 5055 quaecumque

509 5075 556 5130 vel
575 5074 712 5129 naturalis
731 5080 797 5129 sunt
815 5074 860 5130 rel
879 5073 993 5128 moralis
1011 5074 1101 5144 partis
1120 5080 1326 5143 cognoscantur
1344 5073 1385 5126 tul
1402 5079 1450 5144 τῆς
1469 5071 1495 5124 ἐν
1514 5071 1599 5144 λόγοις
1617 5070 1736 5144 θεωρίας.
