4206 6248
487 606 527 670 48
977 605 1022 660 W.
1042 604 1339 663 Dirruussuuauu

486 816 518 859 a.
536 795 611 861 Chr.
652 795 824 860 Paeoniam
846 795 892 860 ita
914 795 1051 860 divisam
1074 796 1182 879 refert,
1208 805 1347 879 atquae
1369 797 1402 862 in
1425 797 1573 864 orientali
1595 797 1666 864 eius
1687 796 1829 863 fluminis

487 917 559 1002 ripa
581 908 699 998 essent,
726 916 935 982 Macedoniae
958 916 1132 1001 secundae,
1157 938 1240 1000 quae
1263 917 1305 982 ad
1327 917 1524 984 occidentem
1547 925 1738 1004 spectarent,
1764 925 1830 984 ter·

487 1037 552 1102 tiae
573 1036 830 1102 attribuerentur.
877 1038 929 1104 Aa
957 1039 1123 1104 meridiem
1147 1059 1222 1104 vero
1243 1039 1405 1104 Paeonum
1428 1039 1508 1104 fines
1531 1059 1632 1123 usque
1654 1041 1697 1105 ad
1719 1039 1829 1123 fauces

487 1159 562 1223 illas
590 1176 648 1242 per
677 1176 758 1240 quas
787 1157 889 1222 Axius
919 1157 1018 1224 fertur
1052 1159 1158 1242 (hodie
1187 1159 1387 1242 Demirkapu
1409 1159 1432 1223 i.
1458 1180 1486 1225 e.
1512 1166 1604 1244 porta
1629 1160 1751 1243 ferrea,
1784 1160 1847 1224 ef.-

489 1279 529 1343 H.
548 1278 647 1343 Barth
670 1277 765 1342 Reice
787 1278 886 1342 durch
908 1280 967 1342 das
982 1282 1096 1343 [caere
1112 1281 1168 1343 der
1182 1280 1406 1363 europciscben
1425 1281 1551 1360 Tilrket',
1576 1281 1716 1347 Berolini
1735 1283 1828 1345 1864.

489 1421 521 1485 p.
552 1402 610 1463 126
627 1402 710 1483 sqq.)
737 1398 939 1482 pertinebant
967 1401 1090 1482 (Strabo
1112 1401 1172 1466 Vll
1195 1400 1235 1465 lr.
1257 1404 1301 1485 4).
1349 1401 1456 1479 Quare
1477 1401 1609 1485 Erigon,
1636 1402 1755 1486 quippe
1777 1400 1832 1483 qui

489 1520 523 1585 in
545 1520 662 1585 Axium
684 1518 799 1584 influat
819 1520 915 1604 longe
945 1540 1042 1606 supra
1071 1520 1131 1585 has
1161 1521 1328 1604 augustias
1338 1525 1374 1606 ¹),
1406 1521 1439 1586 in
1468 1528 1612 1587 extrema
1641 1541 1753 1586 cursus
1783 1521 1833 1586 sui

492 1646 582 1725 parte
612 1660 670 1724 per
691 1639 852 1705 Paeonum
881 1641 1127 1706 occidentalium
1156 1663 1269 1724 agrum
1299 1641 1408 1707 fertur.
1456 1642 1540 1721 Quid
1563 1643 1648 1726 quod
1671 1642 1833 1727 expressis

491 1760 598 1827 verbis
621 1760 732 1825 Livius
755 1762 910 1845 XXXIX,
930 1766 982 1843 53,
1007 1767 1042 1825 15
1066 1762 1207 1845 Erigone
1230 1783 1288 1848 per
1308 1763 1482 1828 Paeoniam
1505 1764 1538 1828 in
1560 1764 1677 1828 Axium
1699 1760 1834 1827 inlluere

492 1887 643 1962 testatur3
670 1901 764 1963 quem
788 1888 891 1965 neque
914 1882 1026 1948 latiore
1046 1883 1078 1946 vi
1093 1883 1221 1950 nomine
1236 1884 1397 1949 Paeoniae
1413 1884 1470 1968 uti,
1495 1903 1578 1966 quae
1594 1884 1655 1950 luit
1668 1884 1835 1949 Weissen-

492 2003 596 2069 bomii
618 2003 787 2085 sententia,
812 2023 916 2087 neque
939 2002 1021 2068 adeo
1036 2003 1208 2069 Paeoniam
1231 2023 1304 2069 cum
1319 2005 1497 2089 Pelagonia
1518 2005 1725 2087 confundere,
1750 2004 1836 2088 quod

493 2124 524 2189 ei
540 2123 663 2189 crimini
678 2123 734 2189 dat
749 2123 787 2190 0.
802 2124 884 2189 Abel
900 2125 1109 2189 Mabedoaiea
1123 2147 1179 2188 ror
1190 2125 1323 2209 Pbilprp
1337 2147 1370 2210 p.
1382 2129 1434 2209 34,
1453 2147 1494 2192 ex
1509 2127 1557 2192 eis
1572 2147 1655 2209 quae
1671 2126 1835 2209 bucusque

494 2245 658 2331 disputata
686 2251 760 2310 sunt
789 2246 969 2330 apparebit.
1016 2245 1080 2311 Sed
1111 2246 1272 2311 Paeonum
1302 2247 1431 2313 nomine
1460 2268 1517 2332 pro
1538 2247 1755 2330 Pelagonibus
1785 2267 1836 2311 re-

494 2367 603 2432 stituto
632 2365 772 2431 nondum
803 2374 974 2450 persanata
1003 2365 1108 2431 iudico
1139 2367 1238 2432 verba
1266 2367 1446 2452 scriptoris:
1483 2368 1601 2434 etenim
1630 2368 1745 2432 mimm
1775 2375 1833 2448 est,

495 2488 650 2572 optimum
679 2487 776 2553 huius
805 2486 934 2570 quidem
965 2487 1097 2572 partis²l
1132 2487 1273 2553 codicem
1295 2488 1475 2554 Medieeum
1498 2490 1579 2574 plut.
1605 2493 1657 2573 28,
1684 2496 1702 2553 5
1731 2490 1775 2571 (B)
1806 2496 1839 2554 et

495 2612 567 2674 oum
590 2629 629 2674 eo
652 2610 808 2674 Venetam
830 2607 1027 2679 Marcianum
1043 2629 1075 2673 n.
1095 2611 1155 2672 377
1178 2609 1208 2692 ll)
1235 2629 1297 2674 non
1320 2608 1372 2674 καὶ
1388 2611 1567 2696 Λυγκηστών
1590 2610 1754 2692 exhibere,
1780 2609 1839 2674 sed

498 2727 547 2795 acl
571 2727 764 2817 ἁλυγκιστῶν.
812 2730 895 2794 Nam
926 2736 961 2794 ut
984 2756 994 2794 ι
1019 2750 1117 2816 prop
1149 2749 1221 2794 cum
1251 2730 1334 2795 alias
1362 2736 1429 2795 tum
1460 2731 1493 2795 in
1522 2731 1582 2795 boo
1610 2730 1682 2816 ipso
1711 2730 1839 2796 nomine

497 2851 755 2935 frequentissime
778 2857 991 2916 exaraverunt
1012 2850 1146 2932 librarii,
1172 2851 1219 2916 sie
1242 2875 1261 2915 α
1284 2850 1365 2916 illud
1386 2852 1599 2935 praemissum
1621 2871 1751 2937 prorsus
1773 2851 1840 2916 sin·

499 2973 612 3056 gulare
635 2980 694 3055 est,
721 2979 756 3037 ut
777 2972 866 3037 aliud
889 2972 967 3056 quid
989 2973 1089 3037 latere
1112 2971 1299 3055 suspiceris.
1334 2972 1470 3038 Accedit
1483 2971 1568 3055 quod
1583 2992 1646 3037 non
1661 2971 1741 3038 satis
1755 2979 1840 3037 reete

498 3093 616 3160 dicitur
637 3094 757 3177 Erigon
787 3114 828 3159 ex
857 3093 1016 3158 montibus
1040 3092 1180 3177 Illyricis
1209 3101 1247 3158 et
1275 3113 1316 3158 ex
1345 3093 1485 3158 omnium
1515 3093 1658 3176 gentium
1680 3113 1739 3178 per
1760 3113 1841 3174 quas

498 3215 620 3281 feratur
642 3215 731 3298 agris
753 3215 870 3280 multos
893 3214 978 3279 rivos
1000 3214 1160 3299 recipere,
1189 3214 1286 3279 immo
1308 3214 1369 3279 hoe
1390 3234 1453 3279 non
1476 3215 1613 3297 quadrat
1633 3215 1696 3280 nisi
1717 3214 1752 3279 in
1773 3235 1843 3279 me-

501 3336 588 3401 diam
611 3335 681 3401 eius
704 3355 816 3400 cursus
839 3343 973 3420 partem,
999 3335 1053 3401 ubi
1068 3356 1126 3420 per
1140 3334 1344 3420 Lyncestidis
1358 3335 1525 3420 planitiem
1540 3335 1650 3420 fertur,
1676 3335 1842 3401 meridiem

502 3476 615 3523 versus
636 3457 677 3522 ab
700 3457 779 3522 urbe
801 3456 852 3520 eui
875 3455 970 3522 bodie
993 3456 1116 3520 Bitob'a
1136 3456 1313 3541 (Menoetii-j
1341 3476 1456 3521 nomen
1480 3462 1540 3521 est.
1580 3456 1680 3523 Cuius
1701 3455 1844 3539 regionis

502 3577 668 3644 mirificam
697 3577 838 3642 rivorum
868 3596 909 3642 ex
937 3583 1043 3642 monte
1065 3576 1285 3641 Sakchora
1315 3577 1549 3642 decurrentium
1572 3577 1807 3644 multitudinem
1818 3581 1838 3660 3)

591 3840 607 3904 ¹)
629 3838 699 3893 Nam
717 3836 864 3901 Barthius,
891 3838 939 3908 qui
962 3836 1014 3893 has
1037 3837 1167 3906 regiones
1190 3838 1250 3907 ipse
1275 3837 1363 3902 vidit,
1389 3835 1505 3895 flurium
1523 3852 1605 3907 quem
1623 3839 1844 3908 septentrionem

503 3943 603 3983 versus
621 3926 753 3984 ssuentom
772 3927 917 3982 transierit
935 3927 1008 3981 inter
1026 3928 1160 3996 oppidum
1174 3928 1308 3998 Kascdar
1326 3934 1356 3982 ct
1373 3928 1466 3983 vicum
1482 3927 1600 3997 moysa,
1621 3927 1711 3996 ipsum
1723 3925 1847 3993 Erigona

504 4031 567 4069 osse
591 4021 713 4070 testatur
735 4020 769 4085 [p.
792 4016 836 4066 131
850 4032 892 4085 sq.
915 4018 988 4081 138),
1016 4016 1090 4069 unde
1115 4016 1244 4086 inspecta
1267 4016 1365 4073 tabula
1386 4018 1447 4071 eius
1464 4016 1492 4070 ΙΙ
1510 4021 1641 4086 apparet,
1667 4013 1798 4081 Erigonis
1817 4019 1846 4065 ct

503 4101 570 4156 Axii
595 4099 769 4156 confluentes
786 4131 820 4140 -
838 4118 920 4172 quem
939 4102 1029 4156 locum
1048 4104 1139 4172 ipsum
1157 4102 1291 4157 Barthius
1309 4118 1363 4157 non
1382 4102 1453 4157 adiit
1469 4131 1503 4141 —
1522 4103 1665 4172 aliquanto
1684 4116 1768 4169 supra
1787 4096 1848 4153 fau·

505 4203 552 4243 ces
570 4187 697 4242 Arianae
715 4203 787 4243 esse.
825 4189 905 4256 erod
925 4190 1092 4244 monendum
1111 4190 1224 4258 putavi,
1245 4191 1311 4260 quia
1329 4191 1358 4244 in
1376 4189 1474 4245 tabula
1492 4191 1504 4245 l
1523 4189 1672 4254 inferiore,
1692 4189 1741 4243 ubi
1759 4188 1847 4242 totius

504 4275 615 4330 itineris
632 4283 800 4346 conspectus
818 4277 924 4331 minore
943 4277 1057 4331 modulo
1075 4278 1235 4347 descriptus
1252 4278 1426 4346 proponitur,
1447 4277 1518 4332 hacc
1537 4293 1592 4332 non
1610 4282 1687 4331 recte
1706 4275 1849 4329 delineata

505 4369 579 4417 sunt.
617 4361 722 4417 Contra
745 4363 775 4417 in
793 4362 829 4418 A.
848 4364 1027 4418 Petermanni
1046 4381 1148 4434 mappa
1174 4362 1287 4428 (Stielcr
1306 4364 1466 4418 Hondallaa
1484 4382 1510 4419 n.
1531 4367 1573 4430 56)
1599 4363 1731 4432 Erigonis
1749 4377 1848 4416 cursus

506 4448 589 4517 plane
608 4448 674 4502 talis
692 4456 931 4517 repraesentatur,
950 4452 1060 4520 qualem
1079 4449 1190 4504 Bartlrii
1208 4449 1297 4504 verba
1314 4449 1451 4505 indicant.

592 4533 611 4597 ²1
632 4534 701 4589 Nam
720 4535 749 4588 in
767 4536 866 4590 codice
884 4536 1012 4591 Parisino
1030 4554 1056 4590 n.
1080 4538 1143 4587 1³91
1167 4533 1211 4600 (A)
1238 4535 1327 4590 multo
1345 4537 1504 4606 antiquiore
1522 4537 1571 4591 illc
1590 4535 1704 4606 quidem
1723 4538 1753 4588 et
1771 4547 1850 4603 prae

507 4624 660 4687 stantiore,
686 4623 732 4677 lrie
755 4622 834 4677 locus
853 4623 954 4676 lacuna
972 4623 1036 4676 inde
1055 4638 1072 4675 a
1090 4638 1118 4691 p.
1134 4622 1182 4674 ³24
1201 4638 1290 4691 usque
1309 4623 1346 4677 ad
1364 4623 1475 4678 initium
1493 4623 1558 4678 libri
1577 4621 1672 4676 octavi
1690 4620 1849 4688 pertinente

508 4710 625 4764 haustus
644 4715 697 4765 est.
1678 4749 1680 4753 Α

592 4796 612 4861 ³)
634 4795 721 4850 Barth
739 4812 767 4865 p.
784 4797 832 4846 150
849 4792 926 4848 12ch
945 4812 1001 4847 aaa
1018 4812 1054 4846 aa
1073 4794 1200 4865 verpebea
1218 4795 1295 4849 leriae
1313 4796 1376 4850 :aba
1389 4796 1515 4850 ddr'aatea
1528 4796 1684 4864 laaqramea
1698 4791 1847 4854 Marcolica,

507 4882 574 4937 abac
597 4883 660 4936 dass
683 4882 725 4934 eia
748 4890 882 4950 promeret
906 4883 969 4935 oder
989 4881 1141 4951 perirrpmaa
1160 4881 1250 4935 Rr'rm-
1267 4883 1332 4936 oder
1349 4883 1481 4936 Strorrreol
1504 4901 1553 4937 aas
1570 4883 1643 4935 einer
1660 4898 1770 4954 engeren
1788 4879 1851 4931 oder

448 5007 454 5019 .
508 4971 632 5024 weiteren
646 4969 772 5023 saltuem
789 4969 847 5022 dem
863 4969 977 5038 Gebr'rpc
994 4969 1201 5021 eatrtrr'brrtaad
1212 4969 1262 5021 dea
1282 4970 1346 5038 Wep
1357 4970 1472 5022 arcusa«
1507 4968 1638 5024 Ceterum
1651 4983 1730 5022 mons
1743 4966 1851 5020 Sauria-

512 5061 585 5112 Gorc
598 5072 660 5111 eum
670 5055 794 5129 illyriam
807 5072 824 5109 a
835 5054 1006 5126 Lyncestide
1017 5055 1140 5120 dirimat,
1155 5059 1232 5109 recto
1242 5054 1279 5108 ad
1289 5059 1396 5108 montes
1404 5054 1535 5125 Illyricos
1545 5051 1666 5108 refertur
1677 5050 1850 5106 aStrabone.
