4206 6248
709 656 760 709 DE
778 654 947 711 nanuum
966 655 1174 713 PELAGONIS
1193 656 1345 713 TITULlS
1695 664 1735 723 49

390 844 451 910 hoc
480 846 550 911 loco
578 845 711 910 innuere
736 845 851 911 Strabo
874 847 953 911 milri
975 848 1113 914 videtur.
1164 849 1281 915 Contra
1302 848 1335 913 in
1358 848 1519 914 inferioris
1542 869 1654 914 cursus
1677 871 1735 914 an-

390 966 507 1050 gustiis
536 966 665 1032 minime
693 967 786 1048 aquis
815 966 1021 1034 affluentibus
1051 970 1195 1035 abundat
1219 968 1336 1034 amnis.
1383 969 1489 1047 Quare
1511 971 1655 1052 gentium
1677 990 1736 1036 no-

390 1087 479 1152 mina
500 1088 542 1153 ab
564 1087 630 1153 illis
654 1084 812 1174 δεξάμενος
830 1090 864 1153 ἐν
882 1093 941 1155 τῶν
953 1086 1128 1176 Ἰλλυρικῶν
1144 1086 1222 1177 ὀρῶν
1239 1090 1421 1174 separanda
1438 1098 1513 1155 sunt
1527 1097 1559 1156 et
1573 1091 1616 1156 ad
1630 1091 1736 1175 ipsius

390 1206 530 1274 fluminis
559 1228 686 1274 cursum
716 1209 962 1276 describendum
992 1211 1163 1295 pertinent.
1209 1211 1368 1275 Nimirum
1400 1207 1462 1275 διὰ
1491 1212 1671 1297 day-auctam
1694 1249 1736 1260 -

391 1329 442 1395 καὶ
468 1326 606 1394 Παιόνων
637 1331 679 1403 εἰς
708 1326 758 1396 τὸν
778 1325 873 1403 Ἄξιον
896 1332 1051 1396 ἐκδίδωσιν
1076 1332 1247 1417 scripserat
1269 1331 1394 1396 Strabo.
1441 1333 1640 1416 Praepositio
1662 1354 1734 1398 cum

390 1451 546 1516 facillimo
568 1472 673 1518 errore
695 1452 728 1516 in
752 1453 829 1516 ΑΙΑ
852 1460 999 1537 corrupta
1020 1460 1116 1531 essct,
1143 1453 1278 1517 alterum
1295 1454 1326 1515 Α
1342 1453 1488 1535 sequenti
1505 1454 1736 1537 Lyncestarum

389 1573 511 1638 nomini
533 1571 696 1656 adhaesit,
723 1573 831 1657 priori,
857 1581 892 1639 ut
914 1580 998 1638 certe
1021 1573 1182 1638 sententia
1204 1573 1316 1656 aliqua
1338 1573 1567 1658 restitueretur,
1594 1576 1617 1638 Κ
1640 1587 1736 1660 prae-

389 1694 523 1759 missum
546 1701 605 1760 est.

479 1816 544 1882 Sed
567 1815 753 1882 arandam
776 1816 889 1881 redeat
910 1835 948 1879 eo
970 1814 1054 1879 unde
1078 1814 1209 1880 deflexit
1227 1815 1412 1900 disputatio,
1438 1817 1498 1881 etsi
1514 1815 1555 1882 de
1570 1816 1735 1883 Strabonis

392 1937 462 2002 loco
493 1937 587 2002 aliter
615 1943 711 2020 atque
741 1936 907 2018 hueusque
937 1936 1036 2001 fiebat
1065 1936 1270 2002 statuendum
1301 1944 1366 2018 est,
1399 1944 1507 2001 tamen
1533 1958 1595 2002 non
1619 1937 1736 2004 desunt

390 2059 572 2124 testimonia
601 2079 684 2141 quac
706 2057 915 2138 Pelagoniam
939 2078 959 2122 a
982 2057 1091 2140 Lyaeo
1113 2057 1181 2122 sive
1205 2057 1398 2140 Lyncestide
1422 2058 1578 2141 distingui
1601 2060 1737 2126 doceant

396 2181 536 2264 (Scymn.
549 2179 672 2265 perieg.
682 2201 712 2243 v.
725 2180 785 2242 621
800 2179 887 2251 ἔθνος
898 2177 931 2242 τὸ
944 2179 1126 2263 Λυγκηστῶν
1140 2177 1173 2242 δὲ
1184 2175 1234 2242 καὶ
1245 2183 1304 2241 τῶν
1319 2176 1510 2265 [laberemur.
1529 2179 1599 2244 Liv.
1612 2181 1733 2264 XXVI,

393 2305 445 2383 25,
472 2306 490 2364 4
519 2300 709 2384 [ΡΙιᾰΙὴνρνιν)
733 2322 795 2384 per
809 2299 1017 2382 Pelayom'aru
1040 2307 1072 2363 et
1086 2302 1230 2384 Lyaeum
1249 2308 1279 2363 ct
1295 2299 1475 2364 Bottiaeam
1490 2300 1524 2363 a'ra
1543 2299 1736 2367 Thessaliam

391 2423 559 2486 descendit.
606 2422 704 2504 XLV,
726 2423 784 2502 -30,
810 2424 830 2484 6
852 2427 999 2505 quartam
1020 2420 1176 2504 reyr'orrem
1193 2420 1329 2484 Eordaei
1348 2429 1380 2484 et
1395 2424 1571 2506 Lyncestae
1593 2431 1625 2487 ct
1640 2424 1737 2487 Pela-

390 2565 486 2626 φονον
507 2543 658 2607 incolant.
705 2541 820 2607 Strabo
842 2542 902 2607 VII
925 2563 957 2625 p.
984 2544 1046 2604 326
1070 2542 1144 2607 Cas.
1173 2537 1288 2627 ddynor
1316 2544 1388 2624 [cm.
1415 2543 1634 2627 Oasaubonus,
1661 2544 1735 2608 libri

393 2662 565 2750 Λυγκηστὸν
596 2670 652 2730 aut
681 2658 854 2749 rioyrmrrir]
895 2659 947 2726 καὶ
982 2660 1168 2748 Πελα·)ονίαν
1197 2663 1247 2727 καὶ
1273 2659 1458 2750 ’opacatae
1487 2661 1538 2728 rai
1564 2660 1732 2750 Ἐλίμειαν.

391 2786 475 2851 Plin.
500 2786 575 2851 Nat.
602 2784 676 2850 hist.
701 2785 757 2867 IV,
777 2787 829 2848 35.
877 2783 1082 2848 Ptolemaeus
1104 2803 1215 2866 geogr.
1241 2784 1300 2866 III,
1323 2786 1372 2865 13,
1393 2786 1443 2847 33.
1464 2787 1530 2867 31).
1578 2786 1625 2850 Ac
1648 2787 1737 2869 Lyn-

392 2927 462 2971 cum
493 2906 624 2990 quidem
654 2904 896 2971 meridionalem
926 2905 1031 2989 campi
1060 2904 1114 2988 qui
1140 2905 1183 2970 ad
1205 2904 1346 2987 Erigone
1368 2905 1495 2971 adiacet
1516 2913 1639 2990 partem
1662 2926 1735 2972 esse

391 3049 432 3094 ex
454 3028 527 3094 viae
549 3027 707 3111 Egnatiae
730 3025 943 3110 descriptione
972 3025 1095 3108 [Strabo
1117 3025 1179 3090 Vll
1201 3047 1234 3110 p.
1261 3029 1354 3109 323),
1388 3027 1597 3111 Pelagoniam
1626 3035 1734 3093 autem

390 3170 411 3213 a
433 3148 702 3233 septentrionibus
724 3148 834 3232 Lynco
857 3146 1023 3212 finitimam
1046 3167 1086 3210 ex
1110 3145 1159 3211 eis
1181 3167 1263 3229 quae
1287 3146 1327 3212 de
1348 3147 1488 3233 Philippi
1511 3148 1598 3231 regis
1620 3149 1735 3214 itinere

391 3270 479 3354 apud
501 3269 628 3335 Livium
651 3270 674 3334 Ι.
699 3270 721 3334 Ι.
747 3268 929 3334 referuntur
955 3267 1007 3352 (cf.
1034 3267 1073 3333 Ο.
1098 3267 1181 3332 Abel
1203 3288 1235 3351 p.
1263 3271 1302 3332 31
1326 3275 1390 3333 not.
1417 3272 1445 3351 2)
1474 3276 1620 3354 apparet.

477 3390 541 3455 Sed
570 3390 669 3475 probe
698 3389 872 3455 tenendum
902 3396 969 3471 est,
1002 3388 1083 3455 haec
1113 3389 1221 3453 omnia
1249 3389 1434 3454 testimonia
1455 3390 1498 3454 ad
1520 3391 1734 3455 Romanorum

389 3518 528 3577 aetatem
552 3517 708 3596 spectare,
733 3530 838 3593 neque
860 3508 989 3575 omnino
1011 3516 1085 3574 ante
1101 3509 1270 3592 Polybium
1298 3511 1346 3596 (V,
1372 3513 1439 3593 toa,
1462 3513 1487 3594 1)
1516 3529 1651 3595 usquam
1672 3511 1735 3576 Pe-

391 3633 541 3715 lagoniac
563 3632 704 3715 regionis
725 3651 841 3697 nomen
863 3630 1013 3696 inveniri.
1053 3630 1159 3708 Quare
1181 3651 1256 3694 num
1279 3631 1362 3696 illud
1384 3631 1546 3696 nominum
1562 3630 1735 3697 discrimen

390 3753 486 3837 quale
509 3751 597 3838 apud
618 3753 812 3819 recentiores
842 3753 998 3834 cernitur,
1030 3753 1094 3817 iam
1124 3752 1203 3818 belli
1226 3751 1488 3837 Peloponnesiaci
1515 3759 1572 3818 aut
1592 3753 1734 3838 Philippi

391 3875 552 3959 Amyntae
574 3873 597 3939 f.
623 3873 819 3959 temporibus
840 3873 1045 3939 tribuendum
1069 3873 1126 3954 sit,
1160 3872 1333 3938 admodum
1356 3872 1490 3938 dubium
1513 3879 1572 3938 est.
1619 3874 1734 3956 Neque

392 3995 484 4061 deest
506 3995 584 4060 satis
608 4002 728 4061 certum
750 4000 984 4079 argumentum,
1011 4013 1073 4077 quo
1092 4014 1159 4059 rem
1175 3993 1334 4077 quondam
1350 3993 1444 4060 aliter
1459 4013 1493 4059 se
1508 3994 1662 4059 habuisse
1678 3994 1736 4061 de-

390 4123 591 4182 monstretur.
618 4117 751 4182 Constat
764 4115 850 4180 enim
866 4114 937 4180 urbi
951 4113 1170 4179 nobilissimae
1186 4114 1429 4197 Lyncestarum,
1447 4135 1530 4198 quac
1545 4115 1734 4200 plerumque

390 4239 550 4303 Heraclea
563 4244 694 4302 vocatur
721 4237 843 4321 (Polyb.
861 4236 1014 4315 XXXIV,
1036 4239 1085 4315 12,
1106 4238 1125 4298 6
1141 4234 1229 4319 aliud
1245 4235 1433 4300 Strabonem
1448 4235 1510 4300 VII
1525 4257 1557 4320 p.
1577 4239 1639 4300 323
1655 4236 1732 4303 Cas.

390 4360 512 4426 Caesar
525 4360 563 4426 B.
582 4358 618 4424 C.
637 4358 696 4439 Ill,
716 4361 768 4439 79,
789 4361 819 4421 3.
845 4356 914 4421 Liv.
934 4357 1075 4439 XXXX,
1092 4359 1144 4438 24,
1164 4361 1194 4420 5.
1220 4356 1303 4421 Pliu.
1322 4356 1364 4420 N.
1382 4356 1422 4420 H.
1443 4356 1497 4438 ΙΙΙ,
1518 4360 1571 4421 38.
1596 4357 1730 4423 Ptolem.

390 4481 449 4563 ΙΙΙ,
478 4483 528 4561 13,
555 4481 606 4561 33)
633 4478 730 4544 etiam
753 4477 950 4560 Pelagoniae
972 4497 1088 4542 nomen
1110 4476 1212 4541 fuisse
1240 4477 1320 4559 (aiv.
1346 4477 1471 4560 XXXI,
1498 4479 1550 4559 28,
1570 4483 1600 4541 5.
1627 4481 1679 4560 33,
1700 4481 1730 4542 3.

391 4602 488 4686 XLV,
515 4604 566 4682 29,
590 4601 657 4683 31).
697 4598 792 4664 Diod,
818 4599 943 4682 XXXI,
970 4603 1000 4681 8,
1020 4600 1038 4662 8
1055 4597 1152 4662 Dind.
1194 4597 1352 4663 Hieroclis
1376 4597 1515 4682 Synecd.
1541 4620 1574 4683 p,
1594 4601 1667 4683 orl,
1688 4602 1732 4682 7).

479 4844 496 4907 ι)
517 4842 577 4896 Hoc
596 4856 706 4911 quoque
724 4841 787 4895 loco
806 4841 842 4895 de
861 4841 948 4896 urbe
966 4840 1121 4908 Pelagonia
1139 4839 1197 4894 dici
1215 4838 1278 4892 lucc
1291 4838 1395 4893 clarius
1408 4846 1460 4894 est.
1493 4839 1562 4894 Nam
1576 4841 1736 4895 indicantur

390 4935 523 5001 quattuor
541 4928 698 4984 civitatium
717 4928 962 4983 Macedonicarum
981 4927 1084 4995 capita,
1106 4927 1124 4980 ἰ.
1145 4941 1169 4980 e.
1191 4925 1254 4978 loca
1273 4941 1328 4993 quo
1347 4941 1443 4978 eorum
1463 4933 1577 4981 senatus
1600 4927 1732 4997 (συνέδρια)

390 5017 571 5080 conveniant;
593 5030 648 5084 quo
666 5014 695 5067 in
713 5028 827 5068 ntrmero
846 5011 988 5079 regionem
1007 5011 1076 5065 satis
1095 5011 1153 5064 latc
1171 5016 1314 5078 patentem
1327 5024 1474 5062 recensere
1488 5009 1635 5062 ridiculum
1648 5016 1733 5063 essct.

389 5104 470 5170 erod
489 5109 582 5158 autem
602 5102 705 5158 Strabo
717 5099 773 5156 VII
791 5098 890 5168 fragm.
904 5101 938 5150 13
950 5115 978 5168 p.
993 5100 1024 5150 87
1040 5100 1166 5154 Kramcr.
1187 5097 1258 5151 baec
1277 5097 1376 5151 babet:
1398 5097 1442 5148 rai
1458 5097 1487 5147 τὸ
1506 5096 1552 5165 μὲν
1571 5096 1734 5166 προσένειμεν

1510 5202 1526 5255 t
