4118 6240
472 623 532 685 150
1024 622 1070 677 W.
1090 621 1257 678 GURLITT

468 831 564 894 quarn
587 811 767 876 Pausanias
796 832 817 876 a
845 818 1000 897 prytaneo
1030 812 1072 878 ad
1095 812 1270 896 Serapeum
1299 810 1333 874 iu
1362 809 1515 875 inferiora
1540 809 1629 876 urbis
1655 807 1819 893 profectus

470 935 545 1017 est),
599 931 665 997 Sed
694 932 795 997 multo
823 932 928 1015 magis
958 939 1004 999 tot
1032 933 1173 998 vicorum
1203 930 1343 1015 vestigia
1371 929 1510 995 inveniri
1539 929 1691 995 miramur
1720 948 1816 1012 quam

470 1071 536 1134 eos,
562 1071 642 1135 quos
665 1051 835 1136 scriptores
858 1052 1032 1136 nominant,
1059 1052 1239 1119 delineatos
1262 1070 1335 1117 esse
1357 1071 1422 1117 uon
1444 1069 1565 1115 omnes.

556 1172 646 1250 Quae
668 1191 732 1236 nou
753 1171 827 1238 ideo
850 1172 989 1258 disputo,
1016 1181 1052 1239 ut
1073 1175 1114 1240 de
1137 1178 1288 1240 accurata
1310 1173 1450 1237 locorum
1473 1170 1742 1257 pervestigatione
1762 1189 1817 1236 su·

469 1292 645 1378 spicionem
666 1313 824 1375 moveam,
851 1314 892 1358 ex
914 1315 978 1376 qua
1000 1295 1102 1359 multa
1125 1315 1176 1361 me
1199 1293 1353 1360 didicisse
1376 1300 1408 1359 et
1425 1291 1565 1377 amplius
1580 1291 1704 1357 discere
1720 1310 1815 1376 posse

469 1412 634 1479 confiteor:
662 1412 720 1478 sed
742 1420 777 1479 ut
798 1434 944 1480 moneam
967 1434 1065 1498 aegre
1086 1434 1146 1481 nos
1168 1415 1314 1480 uberiore
1333 1411 1559 1480 commentario
1575 1431 1695 1494 carere,
1721 1432 1815 1496 quem

468 1534 561 1598 uobis
585 1534 713 1600 Curtius
724 1536 744 1618 ¹)
778 1535 950 1619 promittit;
984 1556 1023 1601 ac
1050 1536 1146 1600 simul
1176 1542 1212 1600 ut
1233 1535 1448 1600 demonstrem
1471 1533 1550 1599 sola
1572 1532 1678 1614 urbis,
1710 1531 1816 1615 qualis

468 1673 552 1720 nune
574 1660 640 1738 est,
673 1653 852 1738 cognitione
881 1656 1030 1738 quamvis
1061 1656 1127 1722 acri
1157 1655 1332 1740 subtilique
1362 1654 1446 1720 hanc
1475 1653 1516 1720 de
1547 1653 1627 1720 vicis
1653 1651 1816 1736 quaestio·

470 1795 543 1840 nem
566 1774 726 1840 adfinem
748 1775 880 1860 perduci
902 1796 967 1841 nou
989 1795 1095 1861 posse.
1120 1815 1164 1824 -
1185 1776 1278 1854 Quod
1299 1795 1374 1841 vero
1396 1775 1437 1841 de
1452 1774 1542 1857 vicis,
1568 1773 1697 1858 plateis,
1723 1772 1818 1856 augi-

469 1895 614 1980 portibus
636 1896 740 1979 valet,
773 1895 860 1961 idem
891 1896 931 1961 de
959 1896 1044 1963 areis
1073 1897 1212 1982 publicis
1242 1898 1310 1963 sive
1339 1896 1416 1963 foris
1439 1893 1610 1962 dicendum
1633 1901 1699 1976 est,
1731 1913 1815 1976 quae

470 2016 599 2082 Curtius
621 2015 655 2081 in
677 2017 820 2082 tabulam
844 2036 935 2082 suam
958 2018 1089 2103 recepit.
1137 2018 1226 2082 Intra
1248 2018 1358 2084 urbem
1381 2024 1456 2082 sunt
1477 2016 1593 2082 haece:
1627 2035 1705 2081 area
1734 2033 1817 2097 quae

469 2137 635 2202 meridiem
651 2156 764 2203 versus
780 2138 843 2203 sita
857 2145 907 2204 est
922 2138 1009 2223 apud
1024 2138 1186 2205 Theseum
1205 2138 1292 2221 quod
1308 2145 1455 2217 vocatur;
1482 2137 1585 2202 forum
1601 2134 1789 2217 Ceramioi²l
1805 2157 1812 2211 ;

470 2279 548 2324 area
570 2257 655 2323 circa
677 2257 877 2341 horologium
898 2259 1089 2340 Andronici,
1123 2279 1207 2341 quae
1236 2279 1308 2326 cum
1338 2257 1407 2324 ioro
1428 2257 1548 2323 oleario
1571 2257 1739 2323 coniuncta
1760 2274 1816 2320 us-

468 2399 530 2463 que
553 2376 596 2442 ad
618 2384 741 2463 portam
764 2378 930 2445 Minervae
957 2380 1114 2459 excurrit;
1148 2400 1225 2446 area
1253 2379 1338 2444 circa
1360 2378 1551 2464 Serapeum,
1584 2376 1675 2443 cuius
1704 2376 1816 2462 templi

469 2499 609 2583 vestigia
638 2500 680 2565 ad
710 2499 825 2565 aedem
855 2500 1073 2566 cathedralem
1102 2501 1233 2566 inventa
1262 2520 1334 2565 esse
1364 2499 1523 2565 dicuntur.
1570 2499 1675 2580 Atque
1706 2498 1747 2564 dc
1775 2498 1816 2562 iis

469 2620 548 2686 locis
577 2620 716 2705 publicis
747 2619 863 2686 lorisve
893 2620 990 2705 paulo
1019 2621 1202 2686 accuratius
1231 2620 1407 2703 disquirere
1435 2620 1469 2685 in
1498 2619 1605 2685 animo
1635 2626 1700 2701 est,
1741 2625 1817 2704 quot

467 2741 640 2825 qualiaque
671 2740 790 2806 suerint
823 2747 855 2806 et
884 2740 962 2825 quid
991 2741 1124 2807 valeant
1152 2742 1196 2807 ad
1224 2741 1391 2825 antiquum
1421 2740 1510 2806 urbis
1533 2747 1649 2807 statum
1673 2738 1816 2806 redinte-

468 2861 637 2945 grandnm.

554 2981 664 3046 Multis
693 2988 726 3047 et
755 2981 853 3048 variis
880 2982 983 3047 modis
1005 2982 1162 3067 impedita
1184 2990 1234 3048 cst
1255 2983 1401 3067 quaestio
1425 2983 1466 3049 de
1489 2982 1557 3048 foro
1580 2983 1649 3048 sive
1672 2981 1713 3048 de
1736 2980 1814 3047 foris

467 3103 555 3169 urbis
578 3103 787 3184 Athenarum,
813 3124 910 3186 quam
933 3111 1005 3188 post
1026 3103 1209 3188 Ulrichsii³)
1237 3111 1270 3169 ct
1290 3104 1427 3187 Rossiih
1456 3105 1564 3170 studia
1584 3082 1817 3189 topographica

466 3225 505 3288 E.
532 3223 662 3290 Curtius
671 3227 692 3308 ⁵]
726 3225 879 3291 historica
907 3225 1030 3290 ratione
1059 3226 1221 3291 tractavit.
1269 3225 1368 3292 (luins
1394 3225 1621 3312 disputationis
1644 3225 1725 3292 haec
1747 3225 1815 3291 fere

468 3365 593 3410 summa
615 3352 678 3411 est:
714 3345 845 3430 regibus
873 3345 1084 3428 regnantibus
1115 3346 1257 3412 seniores
1280 3347 1418 3413 civitatis
1440 3354 1515 3413 ante
1537 3347 1661 3431 regiam
1682 3347 1717 3412 in
1740 3367 1814 3413 arce

468 3465 656 3531 convenisse
678 3466 788 3549 ibique
811 3472 844 3532 et
865 3466 1026 3532 comitium
1051 3474 1083 3532 et
1105 3487 1145 3532 ea
1166 3466 1268 3533 fuisse
1291 3467 1441 3534 aedilicia
1463 3467 1609 3553 publicu,
1636 3490 1720 3552 quac
1742 3488 1815 3534 cas-

468 3607 525 3653 cac
554 3587 740 3671 antiquitati
768 3587 908 3653 tribuere
936 3588 1084 3653 velimus.
1132 3588 1258 3654 Deinde
1289 3596 1363 3674 post
1392 3589 1627 3673 synoceismum
1655 3589 1757 3655 lorum
1780 3590 1814 3654 iu

466 3708 671 3774 meridionali
701 3707 788 3772 urbis
818 3715 907 3792 parte
938 3709 981 3774 ad
1010 3708 1137 3776 radices
1163 3709 1322 3796 acropolis
1350 3709 1529 3776 institutum
1563 3711 1672 3795 ibique
1705 3719 1816 3797 pryta-

466 3850 563 3895 neum
586 3819 756 3912 ceteraque
777 3828 926 3894 aedilicia
948 3837 1111 3896 exstructa
1132 3848 1216 3914 esse,
1242 3851 1325 3915 quae
1348 3831 1423 3897 dum
1446 3831 1616 3918 imperium
1638 3853 1740 3918 penes
1755 3855 1815 3919 pa-

465 3950 574 4016 tricios
603 3957 705 4030 esset,
739 3950 785 4016 rci
808 3950 958 4035 publicae
981 3951 1258 4018 administrandae
1280 3952 1482 4019 inservirent.
1531 3954 1636 4038 Atque
1659 3953 1719 4019 hoc
1741 3974 1813 4022 esse

463 4071 547 4136 illud
569 4071 671 4135 iorum
695 4079 798 4153 vetus,
826 4070 866 4136 de
889 4092 951 4155 quo
967 4072 1154 4157 Apollodori
1177 4073 1393 4140 testimonium
1414 4078 1547 4156 extoli).
1587 4076 1702 4142 Denuo
1722 4077 1815 4143 Solo-

465 4192 515 4257 nis
545 4193 596 4256 vel
618 4191 892 4258 Pisistratidarum
920 4193 1117 4278 temporibus
1146 4194 1181 4259 iu
1204 4194 1370 4261 Ceramico
1399 4195 1447 4261 rei
1473 4196 1622 4281 publicae
1644 4197 1812 4283 imperium

466 4313 512 4378 ita
535 4314 646 4379 sedem
669 4312 864 4397 collocasse,
890 4321 926 4379 ut
946 4334 1010 4379 uon
1032 4315 1127 4381 modo
1149 4335 1189 4380 ea
1212 4311 1336 4403 ἀρχεῖα,
1364 4315 1544 4400 dequibus
1566 4318 1606 4384 U.
1632 4319 1814 4386 Kochlerus

552 4556 560 4592 ¹
613 4593 619 4607 .
639 4555 664 4605 4.

550 4561 570 4696 2),
591 4573 624 4696 dd
644 4643 690 4696 bic
708 4643 826 4712 primurn
845 4643 920 4697 veris
939 4643 1043 4698 tinibus
1062 4644 1302 4714 circumscriptum
1321 4646 1443 4700 videtur.

550 4729 570 4792 ³}
594 4727 691 4781 Retron
710 4729 766 4780 uad
786 4728 978 4797 Forachunpcn
1000 4729 1026 4782 ll
1045 4747 1073 4799 p.
1092 4733 1147 4782 rto.
1172 4733 1227 4782 178.
1267 4729 1310 4786 Cf.
1331 4730 1639 4803 Waohemuthp.153.

550 4815 569 4877 ⁴}
592 4816 653 4868 Duo
675 4815 805 4869 l'heseion
823 4816 879 4869 tend
896 4817 945 4868 (lor
966 4817 991 4868 Τ
990 4818 1077 4886 crrrpol
1093 4817 1138 4871 des
1156 4821 1226 4871 Area
1245 4819 1273 4871 in
1291 4819 1389 4871 Athen.
1423 4820 1508 4873 Helle
1530 4823 1604 4875 1852.

550 4903 569 4965 5}
591 4901 714 4954 Attr'schc
727 4901 840 4955 Studien
852 4901 889 4955 ΙΙ.
914 4903 1059 4975 Gltttrhpca
1074 4905 1147 4956 1865.
1181 4906 1259 4959 idem
1273 4907 1474 4960 Eriboterndcr
1490 4907 1556 4961 Text
1569 4927 1600 4961 zu
1613 4909 1664 4962 deu
1678 4911 1691 4960 7
1706 4909 1814 4963 Kartera

465 5007 512 5042 zur
534 4986 723 5059 Topopruphr'c
735 5006 784 5041 oon
803 4990 899 5042 Athon.
935 4990 1021 5043 Gotho
1041 4992 1106 5043 1866
1126 5009 1153 5061 p.
1169 4993 1202 5042 25
1215 5009 1256 5063 sq.

549 5077 568 5139 ‘h
589 5073 782 5146 Apollodorus
801 5075 827 5128 ἐν
845 5077 883 5148 τῷ
900 5077 957 5146 περὶ
977 5077 1044 5132 θεῶν
1063 5080 1138 5151 apud
1157 5080 1323 5151 Harpoorut.
1344 5097 1366 5135 s.
1387 5098 1415 5136 v.
1436 5079 1574 5154 Πάνδημος
1588 5079 1733 5155 Ἀφροδίτη.
