4118 6240
465 655 679 713 HIERONYMI
696 655 832 712 RHODII
851 654 1119 712 PERlPATETlCl
1137 651 1373 712 FRAGMENTA
1533 658 1592 722 109

243 846 359 930 fragm.
377 847 508 913 Aristot.
535 848 608 913 coll.
627 847 720 913 Heitz
744 868 776 932 p.
795 851 835 912 26
852 850 929 934 sq.)‚
955 867 1060 931 neque
1081 847 1115 912 id
1138 849 1181 914 ab
1203 847 1272 914 eius
1294 847 1427 914 consilio
1450 847 1590 913 alienum

243 966 313 1033 luit.
361 967 426 1034 Sed
455 968 545 1038 aliud
574 975 641 1050 est,
681 967 863 1034 fabulosam
892 969 1164 1034 narratiunculam
1191 988 1455 1051 commemorare,
1488 968 1596 1052 aliud,v

243 1087 394 1172 ignobilis
423 1096 538 1175 poetae
566 1089 704 1156 scaenici
729 1088 912 1172 tragoedias
945 1088 988 1154 ad
1017 1089 1229 1155 clarissimum
1252 1088 1475 1175 philosophum
1507 1089 1591 1175 turpi

243 1228 350 1275 errore
372 1210 508 1277 referre:
536 1211 671 1277 alterum
694 1209 823 1295 dialogo
846 1210 1019 1276 attribuere
1041 1231 1169 1293 vereor,
1196 1211 1331 1277 alterum
1354 1210 1387 1275 in
1411 1231 1449 1277 eo
1471 1209 1589 1276 lactum

242 1350 316 1397 esse
349 1350 412 1396 non
442 1331 550 1397 miror.
597 1332 704 1398 Potuit
739 1338 846 1398 autern
880 1338 984 1414 certe,
1024 1330 1282 1416 quandoquidem
1316 1331 1427 1415 quinto
1460 1331 1590 1398 saeculo

242 1449 423 1536 Epicharmi
446 1459 480 1518 et
501 1453 655 1537 Aeschyli
677 1452 804 1518 fabulas
834 1452 867 1517 in
890 1451 1001 1519 Sicilia
1022 1460 1113 1519 actus
1135 1452 1237 1519 fuisse
1259 1453 1444 1536 constabat,
1477 1461 1590 1539 postea

241 1570 324 1637 inter
345 1571 591 1639 innumerabilia
613 1574 672 1639 illa
694 1580 872 1640 commenta
892 1573 1009 1657 quibus
1033 1573 1209 1640 litterarum
1233 1573 1430 1640 Graecarum
1456 1572 1591 1640 historia

241 1692 435 1759 obruebatur
462 1695 559 1760 etium
594 1714 635 1760 ea
667 1693 775 1778 opinio
808 1693 900 1776 oriri,
937 1695 1001 1759 ianr
1035 1702 1110 1760 ante
1144 1693 1370 1779 philosophum
1403 1694 1586 1761 scaenicum

240 1812 469 1881 Atheniensem
499 1815 532 1880 in
555 1815 668 1882 Sicilia
697 1814 922 1900 philosophum
945 1815 1018 1880 aliis
1041 1814 1236 1881 carminibus
1258 1814 1492 1880 nobilissimum
1515 1821 1588 1882 tra-

240 1934 334 2018 gicae
366 1955 491 2020 quoque
520 1935 610 2021 poesi
638 1955 767 2021 operam
795 1935 936 2002 dedisse.
993 1936 1098 2019 Atque
1129 1936 1208 2002 hacc
1236 1935 1366 2020 quidem
1394 1935 1436 2002 de
1466 1935 1588 2021 dialogi

239 2055 431 2122 testimonio.
478 2056 528 2123 Dc
549 2055 667 2123 ceteris
688 2055 767 2122 mibi
790 2055 838 2122 sic
860 2057 1066 2124 statuendum
1089 2076 1161 2123 esse
1183 2056 1325 2123 videtur:
1357 2056 1587 2143 Hieronymum

238 2176 420 2244 testimonio
449 2176 652 2244 Aristotelico
684 2177 857 2243 adductum
888 2197 978 2260 esse,
1015 2184 1050 2243 ut
1083 2198 1146 2243 non
1179 2178 1282 2243 solum
1312 2176 1353 2244 de
1383 2178 1586 2264 Empedoclis

238 2299 414 2383 tragoediis
435 2299 557 2386 etipse
580 2298 729 2383 referret,
762 2297 821 2365 sed
848 2297 945 2364 etiam
974 2319 1125 2382 magnum
1155 2318 1265 2364 earnm
1292 2318 1457 2364 numerum
1480 2319 1516 2366 se
1538 2301 1587 2367 le-

237 2418 326 2502 gisse
348 2419 391 2486 ad
412 2419 636 2487 ostentandam
658 2418 868 2486 eruditionem
885 2418 1092 2502 gloriaretur3
1118 2418 1235 2486 deinde
1256 2418 1341 2485 idem
1364 2441 1385 2485 a
1407 2440 1443 2486 se
1466 2419 1586 2486 sactum

237 2559 444 2607 asseverasse
459 2540 658 2625 Neanthem,
684 2539 827 2607 eiusdem
849 2539 924 2606 fidei
947 2541 1133 2626 scriptorem
1155 2544 1195 2625 (τ.
1214 2540 1350 2606 Mueller
1363 2541 1411 2605 Ill
1427 2562 1460 2626 p.
1475 2545 1582 2627 2sq.t,

237 2660 360 2728 scilicet
388 2682 429 2728 ne
452 2662 573 2729 minore
602 2682 699 2745 quam
722 2661 777 2726 ille
807 2660 986 2727 eruditione
1012 2661 1186 2728 instructus
1213 2667 1392 2746 putaretur,
1425 2661 1584 2747 simulque

237 2780 420 2865 addidisse,
452 2781 680 2869 Empedoclem
710 2782 949 2850 adulescentem
972 2781 1142 2867 scripsisse
1164 2782 1350 2866 tragoedias
1377 2784 1585 2868 (supervaca-

234 2923 327 2970 neam
352 2903 438 2969 enim
460 2903 608 2969 existimo
630 2903 744 2970 Steinii
767 2903 998 2985 coniecturam,
1029 2902 1083 2986 qui
1106 2910 1142 2968 ut
1163 2904 1343 2969 Neantbem
1365 2904 1585 2988 perversitatis

236 3023 368 3089 crimine
390 3024 541 3090 liberaret
562 3044 625 3089 non
648 3024 689 3090 de
711 3023 918 3091 adulescente
937 3023 1133 3108 Empedocle
1155 3022 1214 3090 sed
1236 3023 1278 3090 de
1298 3024 1422 3092 iuniore
1444 3025 1583 3109 quodam

235 3144 331 3210 huius
353 3145 491 3212 nominis
513 3145 642 3211 homine
665 3165 737 3211 cum
761 3146 901 3212 locutum
924 3163 997 3211 esse
1019 3144 1175 3225 censuit];
1207 3152 1274 3210 tum
1297 3145 1372 3211 aliis
1394 3145 1583 3214 incredibile

234 3265 338 3331 visum
362 3286 451 3350 osse,
484 3266 711 3352 philosophum
733 3265 980 3351 Agrigentinum
1009 3265 1193 3350 tragoedias
1223 3266 1426 3333 condidisse:
1458 3267 1500 3333 ab
1530 3266 1581 3334 bis

234 3385 332 3470 igitur
355 3387 444 3454 facili
465 3387 522 3454 illo
544 3386 686 3454 remedio
708 3387 751 3453 ad
773 3386 963 3453 solvendam
985 3386 1070 3453 banc
1091 3387 1312 3471 quaestionem
1334 3386 1478 3454 adhibito
1500 3388 1581 3455 duos

234 3507 446 3593 Empedocles
469 3528 542 3576 esse
563 3509 722 3575 inventos.
769 3507 860 3586 Quae
883 3507 1044 3577 sententia
1064 3514 1234 3593 postquam
1257 3509 1384 3594 prolata
1405 3510 1481 3594 tuit,
1507 3531 1582 3595 pro-

233 3628 326 3694 clivis
350 3635 419 3695 erat
440 3630 634 3714 coniectura,
660 3628 817 3714 tragicum
839 3628 1023 3714 philosophi
1046 3629 1147 3695 luisse
1169 3635 1331 3714 nepotem.
1410 3620 1414 3625 ’

319 3750 466 3817 Octomm
489 3751 586 3818 etiam
609 3750 637 3817 si
667 3751 740 3833 quis
762 3749 988 3836 Empedoclem
1019 3749 1173 3834 tragicum
1197 3751 1259 3815 sibi
1283 3751 1365 3837 eripi
1387 3771 1452 3818 non
1475 3753 1580 3838 patie-

231 3877 300 3955 tur,
332 3870 373 3938 de
401 3891 533 3938 numero
562 3880 648 3939 certe
677 3871 912 3956 tragoediarum
935 3890 976 3936 ne
1003 3870 1093 3937 illum
1116 3870 1244 3955 quidem
1267 3872 1461 3958 Hieronymo
1483 3873 1579 3941 fidem

230 3991 413 4058 habiturum
427 4012 509 4060 esse
531 3993 689 4061 existimo.

316 4235 435 4302 XXVI.
464 4240 494 4300 1.
519 4237 602 4303 Plut.
627 4235 759 4303 Aristid.
780 4238 820 4301 27
845 4231 1015 4324 Δημήτριος
1037 4230 1069 4301 δ’
1095 4230 1111 4302 ὃ
1134 4230 1296 4325 Φαληρεὺς
1322 4235 1373 4304 καί
1389 4231 1576 4326 Ἱερώνυμος

229 4351 386 4430 ὃῬάδιος
415 4356 466 4422 καὶ
491 4354 688 4444 Ἀριστόξενος
718 4354 735 4423 ‘o
765 4355 906 4443 μουσικὸς
936 4358 988 4423 καί
1013 4353 1232 4446 Ἀριστοτέλης,
1264 4362 1292 4424 εί
1319 4356 1356 4446 δὴ
1379 4355 1413 4424 τὸ
1434 4360 1502 4448 περί
1525 4359 1589 4427 σίν

227 4480 344 4566 γεντίας
367 4479 480 4566 βιβλίον
503 4479 535 4543 ἐν
557 4480 618 4552 τοῖς
640 4479 771 4566 γνησίοις
790 4475 1009 4567 Ἀριστοτέλους
1032 4480 1151 4565 ίίετέον,
1180 4482 1330 4568 ἱστοροῦσι
1346 4478 1458 4569 Μυρτὼ
1478 4484 1590 4569 ίίυγα-Ι

225 4603 329 4688 apriis
342 4596 523 4688 Ἀριστείδου
538 4596 693 4687 Σωκράτει
714 4605 757 4687 τῷ
779 4605 866 4688 σοφῷ
888 4605 1080 4687 συνοικῆσαι,
1103 4603 1232 4687 γυναῖκα
1256 4600 1309 4688 μὲν
1331 4603 1436 4690 ἑτέραν
1459 4601 1570 4691 ἔχοντι,

225 4717 337 4808 ταύτην
360 4717 389 4786 δ’
416 4716 597 4808 ἀναλαβόντι
618 4716 808 4808 χηρεύουσαν
831 4719 884 4786 διὰ
905 4723 1009 4786 πενίαν
1032 4722 1083 4788 καί
1105 4729 1164 4788 τῶν
1186 4719 1358 4810 ἀναγκαίων
1380 4725 1569 4812 ἐνδεομένην.

225 4839 298 4931 πρὸς
322 4842 375 4928 μὲν
398 4833 450 4907 οὖν
472 4837 595 4916 τούτους
619 4844 728 4915 ἱκανῶς
750 4837 946 4915 ὃΠαναίτιος
968 4843 1000 4907 ἐν
1022 4847 1083 4918 τοῖς
1104 4843 1173 4931 περί
1189 4840 1368 4931 Σωκράτους
1387 4841 1572 4935 ἀντείρηκεν.

312 4966 344 5028 2.
368 4963 486 5031 Athen.
512 4964 593 5031 XIII
616 4985 649 5049 p.
675 4966 738 5028 556
762 4962 788 5028 A
826 4967 860 5030 ἐκ
882 4959 994 5030 τούτων
1017 4955 1068 5031 οὖν
1091 4989 1134 5039 τις
1164 4961 1338 5053 ὁρμώμενος
1367 4964 1509 5055 μέμψαιτ’
1537 4962 1574 5034 ἂν

225 5081 293 5160 τοὺς
330 5085 535 5175 περιτιθέντας
569 5080 725 5173 Σωκράτει
763 5080 817 5151 δύο
856 5081 988 5172 γαμετάς
1020 5088 1182 5172 γυναῖκας,
1224 5087 1401 5176 Ξανθίππην
1437 5089 1490 5155 καί
1522 5087 1576 5183 την
1605 5144 1609 5153 .
