4118 6240
496 689 707 745 lllEHONYMl
727 687 859 751 RllODll
879 685 1148 742 PERIPATH'FIOI
1168 683 1402 742 FRAGMENTA
1582 686 1624 746 99

264 877 389 964 florere
411 879 568 964 coepisset,
596 880 629 942 ιἰι
644 903 721 965 apro
737 879 863 944 Milesio
879 878 1024 942 coronare
1039 878 1164 941 dicitur.
1202 878 1466 941 arriomdoerterot
1478 877 1625 959 sortasse

278 1001 413 1082 quadam
434 1001 564 1065 sea'errtia
586 1001 724 1065 oleorum
747 1002 920 1064 ubertatem
932 1002 1023 1087 fore.
1070 999 1170 1065 (iuius
1192 997 1386 1063 narrationis
1409 997 1450 1061 ab
1466 1016 1507 1061 ea
1528 1015 1623 1079 quam

277 1120 467 1206 Aristoteles
482 1128 515 1186 et
530 1121 746 1205 Hieronymus
761 1122 916 1206 praebent
930 1120 1156 1206 discrepantia,
1183 1139 1278 1202 qnam
1296 1117 1453 1182 erzseius
1468 1138 1498 1201 p.
1515 1119 1588 1193 229,
1606 1120 1624 1178 4

277 1240 481 1325 improbabili
511 1243 686 1308 subtilitate
714 1243 827 1308 tollere
858 1242 997 1322 studuit,
1031 1262 1093 1306 non
1120 1241 1229 1323 magni
1253 1239 1403 1305 momenti
1426 1244 1485 1303 est.
1533 1235 1625 1314 Quod

279 1362 401 1426 Plinius
416 1363 551 1428 eandem
568 1384 634 1428 rem
651 1363 692 1428 de
708 1363 888 1429 Democrito
904 1363 1001 1428 tradit
1028 1364 1104 1447 (nat.
1123 1362 1197 1427 hist.
1217 1361 1326 1425 XVlll
1342 1365 1394 1443 19,
1413 1363 1484 1445 113)
1511 1359 1625 1442 negle-

280 1483 409 1564 gentiae
432 1483 646 1581 tribuendum.

366 1726 426 1791 IX.
467 1729 572 1792 Laert.
602 1727 633 1791 ll
664 1730 702 1789 14
723 1722 905 1813 Ἱερώνυμος
938 1721 967 1789 δ’
1001 1728 1036 1790 ἐν
1067 1730 1115 1813 τῷ
1149 1726 1313 1811 δευτέρῳ
1340 1730 1407 1789 τῶν
1438 1723 1626 1811 σποράδην

282 1842 570 1933 ὑπομνημάτων
602 1845 691 1935 φησίν
713 1842 758 1913 ότι
781 1843 797 1911 b
821 1847 972 1933 Περικλῆς
994 1842 1167 1934 παρήγαγεν
1191 1842 1280 1910 αὐτὸν
1309 1847 1552 1929 (Anaxagoram)
1581 1844 1628 1908 ἐπί

281 1964 314 2030 τό
343 1965 550 2056 δικαστήριον,
583 1965 780 2057 διερρυηκότα
809 1968 860 2034 καί
893 1966 998 2034 λεπτόν
1029 1964 1084 2032 δπό
1114 1965 1221 2050 νόσου,
1254 1962 1331 2032 ὥστε
1357 1968 1438 2054 ἐλέιρ
1466 1970 1579 2053 μᾶλλον
1608 1959 1627 2051 ἢ

284 2087 380 2173 κρίσει
403 2085 567 2176 ἀφεθῆναι.
1240 2173 1243 2180 Ι

369 2209 418 2275 De
434 2211 647 2296 Anaxagorae
669 2212 872 2278 aeousatione
896 2232 969 2277 eum
992 2210 1071 2276 nihil
1088 2211 1165 2276 certi
1187 2210 1303 2276 litteris
1323 2210 1512 2276 mandatum
1530 2217 1627 2293 esset,

283 2329 342 2394 sed
364 2333 564 2399 sermonibus
587 2333 696 2419 populi
712 2340 744 2398 et
759 2332 1019 2418 philosophorum
1044 2331 1139 2397 huius
1157 2333 1201 2398 rei
1217 2332 1371 2398 memoria
1385 2339 1626 2422 propagaretur,

286 2471 422 2534 magnus
449 2461 577 2539 apertus
606 2461 677 2519 erat
704 2473 835 2539 campus
857 2453 951 2519 vanis
973 2453 1113 2519 inventis
1135 2453 1342 2536 oonlietisqne
1365 2452 1504 2518 labellis.
1553 2453 1633 2517 Hie-

284 2574 407 2658 ronymi
438 2575 612 2640 narrationi
642 2596 705 2640 non
733 2581 894 2660 repugnat
922 2595 963 2641 ea
991 2594 1087 2656 qoam
1116 2581 1229 2660 postea
1257 2574 1389 2640 tradidit
1418 2575 1628 2660 Hermippus:

287 2693 443 2760 LaerbH
462 2700 500 2763 13
521 2691 696 2783 Ἕρμιππος
719 2693 745 2760 δ’
773 2697 804 2760 ἐν
832 2697 894 2769 τοῖς
920 2695 995 2783 βίοις
1018 2694 1109 2782 φησίν
1132 2691 1177 2761 ότι
1198 2695 1370 2782 καθείρχθη
1394 2697 1491 2782 ἐντῷ
1514 2697 1632 2780 δεσμω-

286 2816 381 2902 τηρίῳ
411 2813 643 2903 τεθνηξόμενος·
681 2816 831 2904 Περικλῆς
865 2816 898 2881 δὲ
930 2814 1089 2904 παρελθὼν
1120 2816 1201 2883 εἶπεν
1230 2814 1260 2882 εἴ
1286 2842 1315 2882 τι
1343 2816 1464 2904 ἔχουσιν
1495 2818 1633 2903 ἐγκαλεῖν

289 2932 372 3023 αὐτῷ
394 2934 472 3002 κατά
493 2934 543 3004 τόν
569 2938 650 3025 βίον·
683 2933 770 3003 οὐδὲν
794 2937 827 3002 δὲ
850 2933 1010 3018 εἰπόντων,
1042 2937 1109 3004 (καί
1133 2934 1190 3025 μην
1214 2934 1298 3024 ἐγυλ,
1324 2938 1401 3027 ἔφη,
1432 2934 1552 3004 (τοότου
1576 2963 1635 3023 μα-

287 3054 382 3143 θητής
412 3060 491 3145 εἰμι·
518 3057 567 3146 ’μὴ
590 3051 642 3124 οὖν
675 3061 829 3146 διαβολαῖς
858 3060 1039 3147 ἐπαρθέντες
1070 3057 1262 3146 ἀποκτείνητε
1284 3057 1333 3125 τὸν
1357 3053 1532 3147 ἄνθρωπον,
1560 3054 1631 3124 ἀλλ’

288 3176 354 3264 ἐμοί
383 3183 553 3255 πεισθέντες
583 3174 700 3268 άφετε’·
739 3179 790 3269 καί
821 3177 946 3269 ἀφείθη.
993 3181 1044 3247 (is.
1075 3183 1160 3247 Plut.
1192 3182 1265 3247 Nio.
1292 3185 1344 3246 23.
1391 3182 1498 3247 Laert.
1523 3182 1555 3246 ΙΙ
1581 3185 1631 3243 lb.

288 3300 399 3367 Sotion
428 3309 533 3368 autem
564 3302 597 3367 in
624 3323 661 3368 eo
691 3303 732 3368 ab
753 3302 948 3387 Hieronymo
977 3303 1146 3383 dissensit,
1181 3301 1265 3385 quod
1288 3323 1351 3368 non
1374 3303 1553 3368 absolutum
1578 3299 1636 3366 sed

289 3420 473 3489 damnatum
501 3443 574 3490 esse
602 3424 829 3507 Anaxagoram
860 3423 981 3489 rettulit
1015 3425 1132 3506 (Laert.
1158 3424 1191 3488 II
1217 3427 1267 3507 12,
1300 3423 1342 3489 of.
1375 3423 1560 3509 Olympiod.
1592 3421 1634 3487 ad

288 3542 418 3609 Aristot.
437 3545 568 3611 Meteor.
586 3546 601 3610 Ι
618 3548 648 3626 3,
668 3549 698 3609 2.
739 3544 828 3610 Suid.
849 3565 875 3610 s.
894 3566 925 3609 ν.
948 3541 1170 3631 Ἀναξαγόρας),
1197 3545 1333 3630 Satyrus
1355 3552 1524 3629 praeterea
1538 3543 1635 3609 etiam

289 3662 322 3728 in
345 3684 392 3745 eo,
419 3666 503 3748 qnod
525 3667 691 3732 absentem
714 3687 786 3732 eum
811 3664 997 3731 damnatum
1022 3686 1094 3732 esse
1117 3666 1259 3732 narravit
1285 3668 1402 3751 (Laert.
1422 3667 1452 3730 ll
1472 3668 1536 3750 12).
1584 3665 1634 3731 ef.

290 3783 431 3851 Sintenis
453 3786 495 3852 ad
518 3788 601 3854 Plnt.
628 3789 699 3853 Per.
719 3790 771 3851 32.

376 4029 418 4093 X.
458 4029 575 4095 Athon.
600 4030 632 4094 X
659 4050 691 4114 p.
718 4031 826 4094 otti*
856 4025 1038 4116 Ἱερώνυμός
1066 4055 1099 4095 τε
1127 4034 1166 4097 ἐν
1194 4033 1276 4104 ταῖς
1305 4033 1537 4104 ἐπιστολαῖς
1560 4026 1635 4096 Θεό-

290 4147 421 4236 φραστόν
453 4177 528 4239 φησι
557 4127 654 4237 λέγειν
687 4146 733 4218 ότι
758 4148 945 4237 Ἀλέξανδρος
975 4148 1029 4216 οόκ
1059 4144 1093 4217 εὖ
1126 4152 1252 4217 διέκειτο
1285 4149 1358 4239 πρὸς
1390 4150 1427 4218 τά
1460 4150 1632 4240 ἀφροδίσια.

286 4266 486 4357 Ὀλυμπιάδος
509 4276 580 4359 γοῦν
603 4272 654 4337 καὶ
676 4269 942 4360 παρανακλινάσης
966 4270 1048 4362 αὐτῷ
1065 4271 1250 4346 Καλλιξέναν
1273 4271 1326 4360 την
1342 4271 1494 4360 Θετταλὴν
1517 4275 1637 4361 ἑταίραν

290 4393 563 4481 περικαλλεστάτην
586 4387 688 4474 οὖσαν,
716 4390 883 4468 συνειδότος
900 4399 987 4461 τοῦτο
1009 4395 1060 4461 καί
1083 4400 1135 4461 τοῦ
1152 4397 1303 4462 Φιλίππου
1319 4434 1361 4443 -
1377 4393 1556 4484 εὐλαβοῦντο
1580 4393 1638 4483 γάρ

291 4512 331 4600 μὴ
354 4511 454 4600 γόννις
478 4512 524 4600 εἴη
549 4553 600 4595 -,
626 4511 771 4589 πολλάκις
794 4508 860 4602 ᾔτει
884 4512 959 4602 αὐτὴ
983 4514 1031 4582 τόν
1051 4513 1241 4605 Ἀλέξανδρον
1265 4519 1472 4604 συγγενέσθαι.

377 4637 564 4720 Hieronymi
593 4637 749 4721 epistulas
777 4638 818 4704 ab
848 4638 1015 4731 Athenaeo
1049 4637 1175 4704 laudari
1209 4647 1294 4705 reete
1328 4638 1480 4704 statuisse
1514 4637 1640 4703 ridetur

292 4757 450 4823 hleursius
477 4756 619 4843 (Rhodus
641 4759 674 4824 Π
696 4764 761 4834 10).
813 4759 916 4824 Aliter
946 4759 1069 4825 censuit
1091 4759 1274 4841 (ilintonns,
1308 4760 1360 4845 qui
1385 4758 1578 4847 Θεόφραστον
1608 4761 1639 4823 ἐν

291 4881 355 4953 ταῖς
379 4881 551 4953 ἐπιστολαῖς
581 4880 623 4945 ab
651 4879 847 4963 Hieronymo
875 4880 1006 4946 citatum
1036 4880 1137 4948 inisse
1166 4881 1292 4967 putavit
1325 4880 1424 4965 (Fasti
1447 4882 1573 4948 Hellen.
1592 4881 1640 4945 Ill

292 5020 324 5085 p.
357 5004 421 5084 19).
476 5000 651 5067 Exstitisse
679 5001 894 5086 Theophrasti
924 5001 1081 5087 epistulas
1110 5002 1258 5068 Laertius
1292 5001 1385 5069 docet
1419 5004 1456 5087 (V
1479 5007 1544 5087 51));
1582 5003 1641 5068 sed

291 5127 422 5206 propter
445 5122 688 5188 collocationem
712 5124 878 5190 rerbomm
902 5123 1041 5190 Olintoni
1065 5122 1172 5208 opinio
1195 5123 1262 5188 reri
1285 5130 1334 5188 est
1356 5122 1583 5188 dissimillima.
