4206 6248
630 655 681 710 DE
699 655 868 711 MENELAI
886 654 1097 711 PELAGONIS
1116 654 1266 711 TITULIS
1577 658 1618 718 47

277 845 386 911 babile
419 851 486 928 est,
522 853 589 910 tum
622 846 876 912 luculentissime
907 847 1109 912 eontirmatur
1139 846 1227 911 Olori
1255 845 1427 910 Halimnsii
1456 846 1616 930 exemplo,

279 965 479 1050 Thucydidis
507 985 612 1031 rerum
642 966 803 1051 scriptoris
832 967 950 1051 patris,
983 967 1037 1051 qui
1068 974 1101 1033 et
1128 986 1231 1051 genus
1261 972 1294 1032 et
1321 986 1437 1032 nomen
1459 967 1500 1032 ab
1524 966 1620 1032 Oloro

277 1086 438 1153 Thracum
460 1088 582 1171 regulo,
609 1087 764 1152 Miltiadis
787 1089 907 1171 socero,
934 1087 1125 1155 deducebat.

364 1207 433 1273 Iam
462 1228 533 1274 cum
562 1207 670 1272 omnia
697 1206 872 1290 suadeant,
905 1215 941 1275 ut
967 1208 1108 1274 Menelai
1136 1208 1291 1291 originem
1319 1207 1362 1273 ad
1389 1208 1618 1292 Lyncestarum

278 1333 408 1411 gentem
430 1328 623 1411 referamus,
650 1349 713 1394 non
735 1335 841 1414 potest
861 1349 925 1394 non
947 1329 979 1394 in
1002 1337 1139 1396 mentem
1163 1329 1274 1396 venire
1296 1329 1367 1394 eius
1388 1329 1544 1408 Menelai,
1578 1349 1618 1394 ex

278 1447 345 1514 illis
366 1449 447 1536 ipsis
469 1450 653 1534 regionibus
675 1449 811 1532 oriundi,
837 1450 892 1534 qui
913 1457 1043 1536 propter
1063 1470 1115 1516 res
1137 1452 1219 1517 bene
1242 1457 1352 1534 gestas
1370 1448 1404 1514 in
1418 1450 1505 1515 bello
1520 1449 1621 1515 Chal-

278 1567 380 1635 cidico
410 1570 611 1636 collaudatur
639 1570 808 1656 plebiscito
837 1571 960 1653 Attico,
993 1572 1078 1656 quod
1107 1573 1206 1638 latum
1235 1571 1365 1656 quidem
1392 1577 1441 1637 est
1468 1569 1619 1636 archonte

278 1689 473 1774 Chariclide‚
500 1698 592 1758 sexta
612 1692 762 1776 prytanin
781 1693 901 1775 (mense
917 1692 984 1759 fere
1000 1693 1148 1759 Ianuario
1163 1692 1241 1758 anni
1257 1694 1319 1755 362
1335 1713 1365 1758 a.
1385 1691 1489 1775 Chr),
1515 1698 1620 1757 exstat

278 1817 385 1877 autem
414 1812 448 1877 in
476 1814 589 1879 tabula
617 1833 795 1878 marmorea
824 1819 899 1879 ante
922 1812 980 1879 hos
1004 1813 1203 1897 undeviginti
1224 1833 1326 1879 annos
1347 1812 1483 1878 Athenis
1505 1820 1613 1878 eruta:

278 1931 381 1998 edidit
400 1933 522 2018 primus
544 1934 682 2000 Pittakis
696 1934 778 2020 Eph.
797 1934 884 1999 arch.
903 1937 999 2018 4046,
1025 1933 1143 2000 deinde
1164 1940 1237 2020 post
1257 1933 1368 2000 TVAS
1396 1933 1520 2017 (Philol.
1538 1933 1619 1998 XIX

278 2074 311 2138 p.
337 2056 445 2139 2471))
477 2061 510 2121 et
540 2054 737 2122 Boehneekii
772 2055 1020 2140 (Demosthenes,
1048 2055 1229 2141 Lykarpoc,
1257 2054 1458 2140 Hypereidec
1479 2054 1547 2118 aad
1567 2053 1619 2118 ior

278 2174 441 2256 Zeitalter,
468 2175 609 2242 Berolini
634 2178 714 2240 1864
738 2197 769 2262 p.
796 2178 859 2241 207
876 2178 958 2260 sqq.)
985 2195 1079 2241 curas
1100 2176 1141 2242 U.
1166 2176 1310 2242 Kochler
1331 2176 1368 2243 C.
1386 2176 1413 2240 I.
1431 2176 1498 2241 Att.
1514 2174 1547 2240 11
1563 2180 1615 2239 55.

277 2296 330 2379 At,
356 2295 474 2362 dixerit
495 2296 623 2380 aliquis,
648 2296 681 2362 in
702 2296 764 2362 hoc
785 2296 913 2362 decreto
928 2295 1142 2363 Athenienses
1163 2317 1226 2362 non
1241 2297 1434 2381 Lyncestem
1453 2296 1620 2381 appellant

278 2415 480 2500 Menelaum,
513 2417 572 2483 sed
595 2418 770 2501 Pelagone.
815 2417 930 2483 Nonne
959 2424 1083 2484 constat
1111 2418 1170 2483 lras
1199 2416 1352 2483 finitimas
1378 2416 1526 2501 quidem,
1560 2416 1618 2481 sed

277 2543 386 2603 tamen
408 2536 554 2605 diversas
576 2539 660 2604 inter
681 2557 716 2604 se
739 2543 852 2621 gentes
867 2537 991 2604 luisset
1020 2538 1185 2615 Concedo;
1211 2559 1316 2622 neque
1338 2537 1424 2605 enim
1446 2558 1498 2603 me
1521 2536 1615 2620 fugit,
1663 2532 1666 2539 ’

277 2655 365 2724 haud
387 2679 507 2744 paucos
529 2665 657 2726 exstare
678 2665 821 2725 vetemm
844 2658 1031 2744 scriptorum
1053 2659 1158 2743 locos,
1187 2659 1220 2724 in
1242 2658 1358 2741 quibus
1380 2659 1493 2724 horum
1516 2679 1619 2744 popn-

278 2780 380 2846 lomm
403 2780 557 2846 memoria
578 2780 746 2846 coniuncta
761 2779 803 2845 sit
816 2778 872 2863 ita,
898 2785 933 2845 ut
947 2779 1038 2863 dnos,
1064 2799 1127 2845 non
1142 2801 1239 2846 unum
1254 2799 1327 2847 esse
1342 2785 1509 2865 appareat.
1548 2779 1618 2857 Quo

279 2921 319 2967 ex
341 2922 473 2967 numero
496 2921 575 2967 sane
596 2899 786 2967 eximendus
808 2906 859 2966 est
879 2921 952 2966 mea
968 2901 1127 2967 sententia
1142 2901 1308 2967 Strabonis
1324 2902 1413 2967 locus
1427 2900 1488 2966 VII
1503 2922 1534 2987 p.
1555 2903 1616 2966 327

278 3022 354 3089 Cas.
400 3023 484 3087 Mam
513 3022 567 3087 hie
595 3021 793 3107 exemplaria
821 3021 950 3105 quidem
973 3021 1150 3087 recentiora
1170 3022 1257 3107 typis
1280 3041 1434 3107 expressa
1455 3020 1537 3087 haec
1558 3021 1618 3087 ha-

276 3143 368 3210 bent:
402 3139 419 3208 ὃ
448 3143 482 3209 δὲ
501 3139 630 3231 'Epiron
659 3139 757 3208 πολλὰ
786 3138 945 3228 δεξάμενος
968 3137 1100 3230 ῥεύματα
1123 3143 1157 3207 ἐκ
1179 3147 1238 3208 τῶν
1256 3138 1432 3231 Ἰλλυρικῶν
1455 3138 1530 3230 ὀρῶν
1552 3140 1618 3208 καὶ

280 3265 517 3351 Λυγκηστῶν
547 3262 599 3329 καὶ
622 3258 748 3351 Βρόγων
779 3263 831 3329 καὶ
854 3259 1028 3351 Δευριόπων
1057 3263 1109 3328 καὶ
1133 3258 1368 3349 Maioriano
1391 3266 1434 3338 εἰς
1455 3260 1506 3329 τὸν
1522 3256 1617 3335 Ἄξιον

278 3385 446 3451 ἐκδίδωσιν.
493 3385 559 3452 Sed
580 3384 777 3469 Pelagonum
800 3405 916 3451 nomen
935 3385 1046 3451 Coreto
1069 3385 1271 3452 coniecturae
1293 3386 1445 3465 debetnr;
1470 3384 1504 3450 in
1527 3385 1618 3451 libris
1747 3448 1749 3450 ,

279 3513 329 3574 est
348 3502 555 3572 πλειόνων.
602 3505 695 3584 Quod
718 3512 753 3571 nt
775 3511 955 3593 corruptum
978 3525 1050 3573 esse
1073 3505 1229 3589 concedo,
1261 3506 1307 3573 ita
1329 3506 1442 3572 Corals
1464 3505 1613 3590 lectione,

276 3626 337 3692 etsi
359 3626 392 3691 in
414 3647 454 3693 ea
476 3627 651 3693 Kramerus
674 3627 918 3710 Meinekinsqne
940 3627 1183 3711 acquievemnt,
1209 3633 1294 3694 reete
1317 3625 1522 3693 emendatum
1544 3646 1618 3693 esse

277 3768 371 3833 nego.
418 3749 558 3814 Primum
589 3749 673 3814 enim
700 3749 746 3815 sio
768 3768 839 3814 cum
862 3748 942 3813 satis
964 3755 1088 3815 constet
1109 3749 1249 3832 Erigona
1269 3748 1302 3813 in
1325 3748 1523 3833 Pelagonum
1545 3748 1619 3813 fini-

276 3871 337 3936 bus
359 3870 435 3935 oriri
457 3877 554 3953 atque
575 3870 652 3936 inde
675 3869 804 3935 demum
820 3869 854 3934 in
869 3867 1065 3953 Lyncestida
1079 3867 1223 3951 influere,
1248 3868 1405 3934 naturalis
1420 3889 1525 3934 rerum
1540 3868 1618 3935 ordo

276 3991 482 4076 pervertitur3
516 3991 633 4058 deinde
662 3996 770 4057 autem
799 3989 865 4055 alia
893 3989 1074 4056 emendatio
1097 3996 1226 4074 praesto
1249 3997 1298 4055 est
1319 4011 1392 4057 cum
1415 3990 1514 4055 multo
1536 3989 1618 4056 saci-

277 4112 337 4177 lior
357 4119 424 4178 tum
447 4133 553 4178 rerum
575 4119 708 4178 naturae
731 4110 1017 4194 accommodatior,
1041 4110 1076 4175 in
1098 4131 1194 4193 qoam
1216 4110 1377 4177 neminem
1401 4109 1488 4194 dum,
1514 4131 1617 4193 quan-

276 4240 343 4298 tum
359 4233 435 4317 scio,
453 4232 606 4299 incidisse
621 4234 718 4318 plane
734 4231 842 4297 miror.
873 4231 998 4317 Nempe
1014 4231 1216 4297 scribendum
1236 4238 1286 4298 est
1309 4228 1507 4314 Παιόνων,
1532 4231 1618 4315 quod

276 4377 341 4422 una
362 4354 552 4421 tenuissima
574 4354 694 4421 lineola
716 4359 928 4420 evanescente
950 4352 984 4416 in
1005 4334 1220 4417 ΠλΙΟΝωΝ
1245 4352 1342 4433 abiit;
1376 4359 1471 4437 atque
1501 4353 1584 4420 inter
1607 4379 1617 4418 ι

276 4484 308 4543 et
331 4502 358 4543 ει
380 4477 504 4542 nullum
525 4475 559 4541 in
582 4475 643 4540 lrac
665 4495 700 4541 re
723 4473 894 4540 discrimen
916 4472 1115 4540 intercedere
1136 4494 1199 4539 non
1215 4472 1364 4557 estquod
1379 4474 1493 4539 dicam.
1534 4475 1616 4540 Pae-

277 4619 372 4664 onum
401 4605 507 4665 autem
539 4595 657 4662 mentio
687 4595 739 4661 hic
760 4601 846 4661 recte
873 4614 908 4661 se
931 4594 1044 4675 habet3
1078 4615 1134 4661 eos
1157 4601 1324 4678 utramque
1346 4595 1421 4659 Axii
1442 4595 1544 4678 ripam
1567 4599 1617 4662 te-

276 4721 385 4787 nuisse
408 4739 480 4785 cum
503 4738 544 4784 ex
565 4716 692 4783 nomine
713 4713 881 4804 Ἀμφαξῖτις
903 4715 991 4802 apud
1013 4716 1202 4782 Strabonem
1225 4715 1286 4782 VII
1307 4715 1422 4798 fragm.
1452 4720 1486 4779 11
1513 4737 1616 4801 appa-

156 4858 158 4865 ·
275 4848 324 4908 ret
344 4847 412 4908 tum
434 4861 475 4907 ex
496 4839 582 4905 Livii
603 4838 802 4922 testimonio,
835 4837 890 4922 qui
911 4837 1008 4921 XLV,
1035 4840 1086 4919 29,
1113 4841 1146 4901 7.
1172 4838 1191 4901 8
1221 4857 1242 4902 a
1264 4835 1416 4902 Romanis
1445 4856 1529 4902 anno
1555 4841 1615 4902 168

363 5102 379 5166 ¹)
401 5097 438 5155 cf.
459 5099 544 5156 etiam
562 5097 599 5154 A.
619 5096 756 5154 Schaeler
773 5097 843 5154 ibid.
863 5114 891 5170 p.
913 5098 972 5152 578.
