4118 6240
467 637 526 701 160
1016 636 1062 693 W.
1082 635 1249 694 GURLI'I'P

551 826 610 892 llis
633 825 788 911 expositis
818 825 883 890 iam
911 826 944 893 in
967 827 1149 894 Pausaniae
1179 847 1304 913 quoque
1332 826 1549 913 descriptione
1575 828 1701 895 Atticae
1730 847 1817 894 com-

465 946 605 1032 plurium
628 946 766 1012 tororum
789 947 1019 1032 paganismum
1042 949 1182 1034 vestigia
1203 948 1342 1015 inveniri
1364 969 1459 1034 posse
1475 949 1612 1016 conlido.
1659 948 1722 1028 Qui
1743 947 1815 1033 ipso

465 1068 621 1134 vocabulo
643 1087 743 1133 unum
764 1069 983 1135 tantummodo
1006 1068 1108 1136 lorum
1131 1070 1277 1156 appellat
1297 1069 1387 1136 urhis
1407 1069 1627 1153 Salaminio),
1653 1068 1707 1135 uhi
1730 1068 1817 1154 pari·

466 1196 515 1254 ter
529 1196 626 1272 atque
642 1188 675 1253 in
691 1189 805 1255 Piraeo
822 1188 972 1271 vidimus,
991 1211 1011 1255 a
1027 1189 1095 1256 loro
1110 1190 1235 1256 initium
1251 1189 1454 1258 describendi
1469 1191 1567 1275 capit.
1603 1190 1688 1256 Nam
1703 1209 1816 1273 quam-

465 1330 561 1392 quam
577 1330 641 1376 non
656 1310 768 1395 potuit,
787 1310 864 1394 quin
880 1330 901 1375 a
916 1311 996 1376 mari
1012 1310 1045 1376 iu
1060 1310 1211 1398 oppidum
1228 1312 1361 1394 veniret,
1388 1311 1456 1377 foro
1471 1310 1632 1396 descripto
1647 1311 1688 1378 de
1703 1310 1812 1396 lapide

464 1430 649 1497 Telamonis
670 1430 713 1496 ad
734 1438 859 1516 portum
884 1430 945 1496 sito
968 1432 1122 1515 loquitur,
1154 1432 1201 1498 ita
1232 1439 1268 1497 ut
1288 1452 1373 1516 quae
1394 1439 1467 1517 post
1490 1432 1620 1517 lougum
1644 1451 1812 1499 excursum

435 1644 436 1647 Ἴ
470 1553 531 1635 (36,
554 1555 582 1635 1)
608 1552 752 1619 nominat
772 1552 927 1637 templum
944 1552 1069 1618 Dianae
1092 1551 1186 1619 etde
1209 1552 1317 1619 Persis
1339 1559 1504 1639 tropaeum
1527 1552 1569 1618 ad
1593 1559 1702 1638 portus
1725 1572 1812 1618 oram

466 1671 612 1738 extitisse
645 1672 825 1739 videantur.
880 1671 975 1740 Certe
1002 1673 1183 1739 Pausanias
1216 1693 1280 1738 non
1312 1679 1412 1740 totam
1444 1672 1585 1739 insulam
1615 1672 1812 1760 peragravit,

463 1793 540 1877 quia
561 1799 629 1860 tum
652 1793 816 1860 Minervae
838 1792 981 1860 Sciradis
1003 1794 1156 1879 templum
1178 1793 1433 1880 praetermittere
1455 1815 1519 1860 uon
1541 1794 1691 1879 potuim).

550 1915 656 1999 Atque
679 1920 714 1980 ut
736 1914 795 1980 hoc
817 1913 851 1979 in
873 1914 943 1980 loco
965 1914 1130 1981 itaetiam
1145 1914 1240 1998 alias,
1266 1934 1349 1997 quae
1371 1913 1405 1979 iu
1427 1913 1543 1981 mediis
1565 1915 1661 2000 pagis
1683 1915 1706 1980 i.
1725 1936 1754 1981 e.
1779 1913 1813 1980 in

463 2054 571 2101 eorum
595 2035 673 2102 foris
695 2034 836 2117 invenit,
864 2035 941 2101 fana
963 2042 1059 2119 atque
1080 2053 1154 2101 aras
1176 2035 1218 2101 ab
1240 2035 1299 2117 eis,
1325 2055 1408 2118 quae
1432 2055 1490 2129 per
1512 2056 1641 2122 campos
1665 2035 1814 2122 dispersa

464 2163 564 2236 erant,
577 2232 580 2237 ,
591 2164 741 2223 accurate
764 2155 922 2222 distinxit.
968 2156 1037 2222 Hoc
1060 2154 1201 2222 ostendit
1216 2161 1392 2223 statuarum
1409 2154 1587 2229 divinarum
1603 2156 1637 2221 in
1653 2156 1813 2222 montibus

464 2276 708 2358 collocatarum,
741 2276 795 2359 qui
825 2283 933 2343 tamen
961 2275 1046 2342 iutra
1074 2275 1239 2343 demorum
1261 2275 1342 2342 fines
1366 2283 1473 2358 erant,
1508 2284 1659 2362 separata
1680 2297 1813 2344 enume-

464 2396 546 2462 ratio
574 2399 611 2480 (c.
631 2399 683 2480 32,
705 2402 734 2461 1.
753 2400 799 2478 tl.
846 2396 975 2464 Phaleri
992 2395 1117 2462 Cereris
1132 2398 1286 2482 templum
1309 2396 1351 2463 ad
1370 2404 1493 2483 portum
1509 2397 1620 2480 fuisse,
1647 2397 1812 2463 Minervae

464 2516 607 2584 Sciradis
630 2538 706 2584 vero
728 2525 760 2583 et
779 2517 865 2584 Iovis
888 2518 1020 2603 templs,
1046 2517 1123 2584 item
1137 2537 1212 2583 aras
1234 2524 1293 2582 τῶν
1310 2513 1470 2603 ἀγνώστων
1488 2522 1567 2584 heda
1583 2526 1615 2586 et
1630 2519 1813 2605 sepulcrum

463 2637 625 2722 Androgei
649 2638 690 2704 ad
714 2639 815 2706 forum
840 2638 1031 2724 perspicitur
1041 2641 1078 2722 ³).
1125 2637 1330 2704 Rhamnunte
1351 2640 1506 2725 templum
1522 2640 1671 2706 Nemesis
1692 2659 1756 2705 uon
1778 2637 1812 2703 in

462 2757 569 2825 medio
585 2759 679 2824 demo
695 2759 796 2824 fuisse
811 2765 961 2826 accurate
977 2759 1109 2825 adnotat
1130 2760 1166 2841 (c.
1187 2762 1239 2842 33,
1258 2761 1310 2844 3);
1336 2759 1369 2825 iu
1384 2760 1581 2827 Marathonis
1598 2758 1812 2844 descriptione

462 2878 563 2944 resin
582 2879 718 2964 planitie
733 2880 814 2946 sitae
829 2880 871 2945 ab
887 2879 938 2946 iis.
964 2900 1047 2964 quae
1069 2879 1103 2945 iu
1126 2879 1196 2965 ipso
1212 2879 1306 2946 demo
1322 2887 1429 2961 eraut,
1457 2881 1683 2965 disiunguntur
1703 2884 1740 2962 (c.
1756 2881 1809 2961 33,

463 3000 599 3085 3-33);
626 3000 776 3084 idemque
799 2999 834 3065 fit
856 2999 890 3064 in
912 2999 1127 3085 descriptione
1142 2999 1240 3086 Oropi
1264 3008 1296 3066 et
1310 3001 1509 3086 Aurphiaraii
1538 3005 1575 3086 (c.
1595 3003 1660 3085 31).
1705 3001 1811 3067 Etiam

462 3140 562 3205 prope
584 3121 776 3188 Eleutheros
798 3121 934 3207 Dionysi
956 3120 1141 3187 Eleutherei
1165 3121 1318 3206 templum
1339 3122 1372 3187 iu
1395 3122 1527 3208 planitie
1550 3131 1583 3190 et
1601 3129 1729 3188 antrum
1744 3123 1813 3187 Ao-

463 3240 570 3326 tiopae
600 3241 768 3322 describit,
800 3240 916 3308 deinde
945 3243 1079 3308 adnotat
1107 3242 1218 3308 urbem
1249 3243 1358 3327 paullo
1386 3243 1513 3327 longius
1539 3242 1582 3309 ad
1611 3242 1813 3310 Cithaeronis

464 3362 580 3427 montis
609 3361 737 3428 radices
765 3362 881 3429 abesse
909 3365 946 3446 (c.
966 3365 1024 3444 33,
1045 3364 1075 3427 8.
1094 3364 1138 3444 9).
1190 3364 1296 3445 Atque
1325 3363 1371 3429 ita
1401 3383 1428 3428 c.
1449 3366 1486 3426 31
1519 3363 1597 3429 fana
1626 3370 1813 3429 enumerata

463 3490 538 3548 suut
559 3483 592 3548 in
615 3483 692 3549 ioris
716 3483 820 3568 posita
842 3481 1103 3562 Halimusiorum,
1130 3483 1360 3550 Halaeensium
1383 3483 1632 3565 Aexoneusium,
1659 3484 1810 3569 Prospal-

461 3602 589 3686 tiorum‚
605 3604 889 3689 Anagyrasiorum‚
907 3603 1165 3690 Cephalensium
1185 3605 1414 3683 Prasiensium,
1432 3604 1656 3687 Potamiorum,
1669 3605 1811 3690 Phlyen-

462 3724 556 3806 sium,
582 3723 879 3810 Myrrhiuusiorum,
905 3723 1181 3802 Athmoneusium
1207 3725 1474 3791 Acharnensium.

546 3845 584 3909 In
608 3845 661 3910 via
683 3845 850 3939 Elepsinia
872 3844 1093 3926 describenda,
1120 3845 1149 3910 si
1171 3851 1292 3911 attente
1315 3847 1414 3911 verba
1436 3847 1698 3930 perscrutaheris,
1725 3848 1810 3912 Pau-

462 3965 587 4059 saniam
612 3966 648 4048 (c.
669 3969 720 4047 36,
740 3970 759 4031 3
776 3968 836 4050 sq.)
864 3964 1062 4031 diversorum
1083 3964 1246 4030 densorum
1262 3965 1333 4030 fora
1348 3965 1487 4031 breviter
1502 3975 1703 4034 enarrantem
1718 3967 1811 4033 inve-

461 4085 543 4150 nies.
591 4085 732 4151 Primum
756 4086 898 4167 Scirum,
932 4085 1018 4167 quod
1046 4087 1159 4173 χωρίον
1181 4085 1361 4152 Pausanias
1384 4087 1544 4171 appellat,
1578 4087 1657 4152 mihi
1680 4086 1809 4170 quidem

460 4205 561 4271 lorum
585 4205 670 4271 demi
694 4227 767 4273 esse
789 4206 924 4286 videtur,
959 4206 1028 4272 sive
1050 4206 1079 4271 is
1102 4205 1164 4271 fuit
1187 4206 1371 4272 Ceramicus
1394 4206 1534 4273 exterior
1552 4208 1621 4274 sive
1644 4206 1806 4274 Ciriadae.

459 4326 586 4392 Deinde
608 4326 736 4393 diversa
758 4327 920 4394 homiuum
945 4327 1154 4394 recentiorum
1170 4327 1318 4413 sepulcra
1334 4335 1555 4411 transgressus
1573 4328 1616 4395 ad
1632 4327 1807 4395 sacrarium

460 4570 519 4624 vid.
544 4570 677 4623 lemmata
701 4569 914 4639 inscriptionum
938 4568 965 4622 ll
985 4570 1034 4620 511
1058 4568 1280 4634 Elerrsiuiorum;
1310 4572 1369 4623 516.
1391 4571 1441 4621 518
1460 4569 1727 4642 Myrrhinusioruu13
1758 4571 1808 4621 5811

459 4655 706 4720 Athmoneusium;
728 4658 778 4707 532
797 4656 1035 4725 Lamptrsusium;
1064 4656 1112 4706 587
1131 4651 1370 4720 Acharnensium;
1399 4656 1517 4711 aliorum
1537 4658 1681 4713 domorum
1699 4658 1810 4725 ignoto-

459 4758 518 4796 rruu
538 4743 598 4795 513.
620 4742 680 4794 583.
699 4743 759 4794 588.

544 4831 563 4893 ¹)
584 4827 606 4893 l,
627 4831 668 4890 35,
690 4829 722 4879 3τ
749 4828 802 4881 ἔστι
824 4827 852 4882 δὲ
874 4826 968 4899 ἀγορᾶς
989 4845 1017 4881 τε
1041 4827 1077 4882 ἔτι
1101 4826 1198 4898 ἐρείπια
1223 4828 1267 4882 sul
1284 4828 1345 4888 auh:
1366 4827 1527 4888 Αἴαντος-
1545 4826 1807 4886 &leiceastriae

459 4945 493 4953 —
511 4913 541 4968 νὺ
559 4915 649 4986 πόρρω
665 4918 711 4968 τοῦ
729 4913 841 4984 λιμένος.
880 4914 999 4970 Salamis
1017 4929 1084 4968 uum
1102 4913 1201 4969 demus
1219 4912 1305 4969 iuuerit
1324 4930 1418 4977 neone,
1440 4915 1573 4970 hocloco
1591 4931 1646 4971 nou
1665 4930 1783 4986 quaero.

544 5001 563 5066 ⁶1)
585 4999 622 5054 ci.
642 5000 755 5068 Lolliug
772 4999 867 5054 Mittis.
887 5000 914 5053 d.
935 4999 961 5052 d.
983 4997 1057 5051 aret.
1080 4999 1149 5052 Imt.
1169 4999 1198 5052 tn
1218 5000 1304 5052 Athen
1324 4999 1337 5053 1
1355 5016 1382 5068 p.
1400 5000 1496 5068 lltsq.

546 5086 565 5146 ⁸)
587 5101 612 5140 e.
636 5090 658 5150 1,
673 5089 704 5149 1ς
725 5085 829 5156 quihus
847 5084 921 5140 adde
941 5084 1014 5139 Plut.
1036 5083 1121 5139 Thes.
1145 5087 1184 5138 lt.
