4206 6248
749 672 800 727 Dii
819 669 960 727 LOGIOA
978 668 1192 726 STOICORUN
1597 669 1639 731 77

292 840 362 924 mm
383 859 476 926 titulo
497 857 613 926 arthemi
635 860 825 926 vocabulum
848 861 1032 946 appositum
1054 866 1120 943 est,
1153 865 1188 924 ut
1216 858 1314 924 etiam
1337 875 1452 923 caecus
1474 856 1530 940 qni
1552 863 1640 922 esset

292 981 410 1048 sentire
441 980 573 1047 deberet
605 1002 671 1048 non
706 988 826 1048 certam
855 981 903 1047 eis
939 1001 978 1047 ac
1014 981 1097 1047 hene
1134 979 1301 1045 fundatam
1338 977 1512 1044 doctrinam
1542 976 1636 1060 tradi,

292 1122 397 1185 neque
425 1102 507 1167 solvi
535 1103 740 1186 quaestiones
772 1102 830 1168 sed
859 1103 1079 1169 tantummodo
1112 1100 1216 1183 tangi.
1262 1100 1375 1182 Neque
1408 1099 1473 1164 iam
1507 1097 1638 1164 dubium

292 1229 343 1288 est
363 1222 441 1307 quid
458 1222 556 1296 θέσεις
578 1222 656 1288 illae
679 1217 787 1308 ἠθικαί
809 1222 872 1288 sibi
895 1223 1010 1289 velint:
1052 1227 1187 1308 apparet
1209 1220 1293 1286 enim
1314 1220 1518 1304 quaestiones
1539 1239 1641 1303 gene-

291 1343 376 1409 rales
405 1342 457 1409 hic
485 1344 666 1430 propositas
695 1362 768 1409 esse
798 1345 840 1410 de
870 1344 986 1427 quibus
1016 1344 1049 1409 in
1075 1347 1387 1427 utramquepartem
1410 1340 1638 1426 disputaretur.

290 1465 341 1529 Ex
369 1463 417 1529 eis
445 1464 544 1548 igitur
570 1465 624 1531 hic
652 1465 734 1530 liber
756 1464 827 1547 suit,
853 1464 908 1549 qui
931 1463 1135 1531 dialecticum
1157 1484 1276 1529 morem
1298 1468 1479 1528 tenuerunt.
1526 1463 1640 1546 Neque

293 1585 360 1650 ulla
383 1604 482 1651 causa
502 1585 696 1672 impedimur
717 1584 795 1670 quin
811 1585 948 1650 similem
972 1591 1151 1652 statuamus
1166 1604 1274 1650 eorum
1290 1582 1507 1649 condicionem
1524 1582 1636 1666 fuisse,

293 1705 348 1790 qui
370 1701 448 1794 ὅρων
471 1707 599 1773 nomine
620 1706 854 1790 insigniuntur:
890 1706 923 1771 in
946 1707 1063 1790 quibus
1085 1707 1231 1772 conicere
1254 1705 1330 1771 licet
1352 1704 1458 1769 varias
1478 1711 1640 1770 auctorem

293 1827 494 1911 congessisse
516 1826 720 1893 definitiones
742 1828 846 1911 deque
869 1827 917 1892 eis
939 1826 1092 1912 deinceps
1123 1834 1157 1892 ut
1179 1826 1438 1891 examinarentur
1458 1825 1492 1890 in
1519 1832 1640 1891 utram-

292 1968 355 2033 que
377 1955 500 2033 partem
523 1947 718 2033 disputasse.
765 1948 832 2014 Alii
859 1947 932 2013 libri
962 1955 1037 2014 sunt
1058 1948 1112 2030 qui
1140 1947 1300 2014 dialectici
1323 1945 1459 2013 vocandi
1486 1946 1552 2012 sint
1577 1967 1641 2012 non
1678 2022 1682 2028 ¹

292 2076 421 2155 propter
449 2068 636 2155 disputandi
663 2068 748 2135 viam
779 2074 811 2134 et
839 2068 996 2134 rationem
1026 2090 1121 2153 quam
1152 2076 1328 2154 sequuntur
1358 2066 1417 2134 sed
1439 2075 1568 2154 propter
1589 2087 1641 2134 res

293 2209 373 2273 quas
402 2189 597 2266 describunt.
651 2190 750 2256 Tales
778 2197 853 2256 sunt
880 2189 911 2255 ei
941 2210 1020 2273 quos
1051 2210 1092 2255 ex
1122 2190 1291 2255 moralium
1319 2208 1453 2254 numero
1474 2208 1640 2255 removere

294 2430 335 2514 α’,
364 2429 430 2520 περὶ
452 2431 593 2497 ἐναντίων
614 2429 687 2519 πρὸς
711 2427 864 2497 Διονύσιον
888 2427 926 2518 β’.
980 2431 1066 2496 Num
1097 2432 1148 2497 his
1177 2431 1279 2498 titulis
1309 2431 1453 2515 cogimur
1480 2431 1521 2497 de
1549 2430 1640 2496 libris

293 2553 434 2636 cogitare
463 2552 517 2636 qui
549 2553 674 2638 species
704 2574 825 2637 genera
848 2552 1024 2619 divisiones
1046 2552 1205 2619 contraria
1226 2553 1260 2618 iu
1284 2553 1466 2618 universum
1490 2552 1551 2618 sibi
1574 2558 1641 2616 tra-

292 2673 409 2740 ctanda
431 2673 646 2759 sumpserint?
690 2674 775 2754 Quin
804 2674 880 2739 dum
910 2673 977 2740 alia
1005 2672 1198 2740 edoceamur
1226 2673 1418 2739 arbitremur
1438 2679 1562 2759 oportet
1583 2693 1640 2738 ea-

284 2801 388 2860 tenus
410 2794 477 2860 illis
500 2795 592 2860 libris
615 2814 667 2862 res
688 2795 790 2861 titulis
812 2793 971 2860 iudicatas
989 2801 1143 2860 tractatas
1158 2814 1230 2861 esse
1245 2801 1404 2879 quatenus
1426 2795 1469 2860 ad
1485 2795 1638 2860 moralem

292 2915 518 3001 philosophiae
555 2922 677 3001 partem
707 2923 863 3001 spectant.
921 2915 1067 2981 Eandem
1098 2935 1174 2981 vero
1204 2915 1299 2981 fidem
1329 2915 1425 2982 etiam
1455 2914 1496 2981 de
1524 2914 1641 2981 ceteris

291 3036 492 3102 habebimus.
540 3037 654 3121 Neque
676 3036 751 3102 inde
773 3036 1021 3120 Peripateticum
1044 3043 1205 3102 auctorem
1231 3036 1347 3102 indicis
1370 3037 1472 3102 luisse
1494 3035 1640 3122 suspica-

292 3158 407 3223 bimur.
455 3157 545 3223 Bona
575 3157 659 3223 enim
689 3157 818 3224 fortuna
847 3157 966 3223 factum
996 3163 1046 3222 est
1074 3164 1109 3223 ut
1137 3156 1230 3223 modo
1253 3158 1514 3242 intellegeremus
1536 3157 1641 3241 Chry-

292 3278 420 3364 sippum
443 3277 585 3344 voluisse
608 3278 738 3362 quidem
761 3278 964 3344 dialecticam
986 3277 1190 3364 disciplinam
1213 3279 1409 3364 peculiarem
1432 3299 1505 3345 esse
1527 3285 1560 3344 et
1581 3278 1641 3344 ab·
1704 3329 1706 3332 Α

293 3399 430 3464 solutam
463 3388 589 3485 perse
623 3406 751 3466 exstare
784 3398 842 3465 sed
876 3399 923 3465 ita
955 3373 991 3465 ut
1023 3399 1099 3465 inde
1132 3399 1257 3483 aliquid
1289 3399 1332 3465 ad
1361 3407 1485 3466 ceteras
1514 3419 1639 3483 quoque

292 3520 481 3606 disciplinas
503 3520 698 3586 redundaret
725 3542 830 3604 neque
860 3527 925 3586 tres
946 3527 1054 3605 partes
1077 3520 1302 3606 philosophiae
1324 3542 1345 3586 a
1367 3522 1496 3587 Zenone
1519 3521 1641 3587 consti-

291 3648 380 3708 tutae
409 3641 492 3706 inter
521 3661 556 3707 se
585 3641 713 3706 omnino
741 3641 936 3708 dissociatae
959 3648 1077 3708 essent.
1124 3641 1238 3724 ltaque
1264 3663 1328 3707 non
1356 3643 1471 3708 mirum
1497 3642 1584 3726 quod
1605 3643 1640 3707 in

292 3762 384 3827 libris
413 3762 483 3828 eius
513 3762 687 3828 moralibus
714 3763 798 3828 tales
827 3762 944 3848 reperti
974 3770 1048 3828 sunt
1069 3762 1121 3849 'de
1150 3764 1268 3846 quibus
1300 3763 1471 3847 ambiguus
1505 3762 1641 3829 haereas

290 3904 374 3949 anne
397 3883 449 3948 vel
472 3889 601 3969 propter
624 3903 676 3949 res
698 3904 780 3967 quas
801 3883 982 3949 tractabant
1004 3885 1056 3950 vel
1078 3892 1207 3970 propter
1226 3884 1380 3950 rationem
1403 3884 1517 3968 quaid
1538 3884 1641 3950 facie-

291 4005 370 4070 bant
392 4003 571 4070 dialecticis
592 4004 698 4089 potius
719 4004 913 4070 accensendi
934 4004 1007 4070 sint.
1049 4005 1151 4071 Probe
1174 4006 1242 4071 scio
1265 4027 1331 4072 rem
1347 4006 1389 4071 ad
1411 4005 1508 4072 linem
1524 4005 1640 4072 deduci

291 4146 354 4190 non
384 4145 479 4209 posse
508 4124 572 4190 nisi
601 4132 726 4191 ceterae
755 4125 872 4208 quibus
899 4126 1025 4191 laborat
1045 4125 1108 4192 iste
1136 4127 1288 4194 librorum
1311 4127 1408 4193 index
1431 4126 1639 4193 difficultates

291 4247 439 4312 sublatae
462 4246 537 4311 sint.
583 4247 632 4312 De
655 4247 772 4329 quibus
794 4246 847 4312 hic
868 4247 1022 4312 verbosus
1038 4267 1110 4313 esse
1125 4248 1215 4328 nolo;
1241 4249 1462 4331 relinquantur
1482 4249 1564 4315 haec
1586 4249 1638 4314 vel

290 4367 347 4433 alii
369 4367 504 4453 tempori
527 4367 578 4433 vel
601 4367 686 4432 aliis.
733 4367 848 4450 Neque
871 4388 945 4433 vero
968 4389 1019 4434 me
1041 4368 1175 4434 nimium
1198 4370 1275 4436 mihi
1297 4389 1467 4454 arrogasse
1489 4369 1635 4453 arbitror,

290 4488 319 4554 si
341 4494 546 4554 consecutum
568 4509 620 4554 me
643 4507 715 4554 esse
734 4487 829 4555 credo
844 4496 880 4556 ut
901 4490 1036 4576 posthac
1051 4490 1214 4573 Diogenes
1236 4491 1289 4557 vel
1304 4491 1450 4577 quisquis
1465 4490 1638 4577 Chrysippi

288 4609 440 4688 librorum
470 4609 608 4676 indicem
638 4609 775 4676 confecit
803 4632 865 4677 non
893 4610 1011 4676 idcirco
1040 4612 1230 4678 temeritatis
1263 4619 1295 4678 et
1328 4613 1556 4697 neglegentiae
1589 4613 1640 4679 in-

289 4729 474 4813 simuletur,
506 4730 593 4814 quod
621 4731 796 4797 moralibus
825 4732 913 4798 illius
936 4732 1028 4797 libris
1051 4732 1213 4799 dialectici
1242 4733 1297 4817 qui
1323 4735 1473 4801 videntur
1500 4733 1639 4800 immixti

289 4859 373 4918 sunt.
421 4851 483 4931 Qui
513 4851 560 4918 ita
582 4858 776 4919 censuerunt
801 4874 863 4918 non
884 4853 1088 4920 attenderant
1109 4855 1152 4920 ad
1175 4855 1391 4941 Chrysippum
1414 4876 1486 4922 cum
1509 4856 1638 4921 Zenone

290 4971 330 5040 de
360 4973 532 5040 dialectica
560 4974 693 5059 eiusque
721 4973 754 5039 vi
782 4980 815 5039 et
841 4973 979 5039 utilitate
1009 4974 1264 5041 dissentientem.
1311 4976 1371 5043 Oui
1392 4977 1438 5043 rei
1461 4998 1501 5043 ne
1524 4977 1640 5044 etiam-

290 5116 365 5162 num
389 5095 538 5181 diftidas,
571 5095 684 5162 eadem
708 5092 866 5161 contentio
888 5114 970 5179 quae
993 5094 1154 5182 principes
1177 5097 1355 5165 Stoicorum
1378 5099 1521 5167 exercuit
1543 5099 1639 5167 etiarn
