4118 6240
468 639 529 702 166
795 637 841 692 W.
861 635 1028 692 GURLITT
1047 636 1098 692 DE
1117 636 1225 693 Fortis
1243 634 1485 692 Auuuunahh

467 834 500 899 et
532 827 648 894 Granio
682 826 826 892 Corinthi
860 833 1041 913 comparat,
1082 826 1169 893 uude
1203 827 1346 911 seqnitur
1379 827 1540 911 Collytum
1574 827 1814 894 celeberrimam

466 953 562 1034 atque
584 947 769 1034 primariam
792 949 825 1014 in
849 950 926 1015 urhe
947 941 1052 1032 (ἄστει)
1073 948 1235 1032 regionem
1260 947 1447 1033 occupasse'.
1489 948 1651 1014 Himerius
1674 956 1781 1014 autem
1790 952 1810 1031 ¹)

466 1070 572 1135 vicum
601 1069 729 1135 nomine
752 1070 915 1154 Collytum
944 1069 977 1135 in
1007 1052 1077 1154 ipso
1106 1067 1194 1134 urhis
1224 1069 1405 1135 meditullio
1434 1073 1473 1151 ter
1503 1074 1546 1156 τῷ
1569 1065 1740 1157 μεσαιτάτῳ
1762 1074 1814 1155 τῆς

466 1187 591 1276 πόλεως)
618 1190 724 1271 novit,
758 1191 813 1273 qui
841 1214 861 1257 a
891 1191 984 1256 demo
1012 1210 1128 1255 nomeu
1156 1188 1301 1272 duxerit,
1335 1211 1397 1274 quo
1425 1211 1530 1257 rerum
1562 1191 1723 1258 venalium
1748 1190 1815 1256 foro

465 1312 681 1398 Athenienses
704 1312 754 1377 usi
778 1313 852 1377 sint.
894 1312 1071 1394 Utrumque
1093 1310 1307 1377 testimonium
1330 1311 1372 1376 ad
1394 1313 1478 1378 hanc
1500 1332 1559 1377 nos
1581 1312 1669 1378 urbis
1692 1317 1815 1395 partem

468 1432 605 1515 ducunt,
639 1454 722 1516 quae
753 1432 922 1519 ἔμπροσθεν
950 1436 1002 1518 τῆς
1026 1427 1217 1519 ἀκροπόλεως
1246 1432 1371 1507 [Herod.
1398 1434 1486 1515 VIII,
1514 1435 1564 1517 53)
1592 1439 1661 1498 erat
1683 1440 1715 1498 et
1737 1431 1814 1497 foris

468 1555 586 1621 referta
615 1561 647 1619 et
675 1553 834 1620 aedificiis
863 1552 1001 1637 puhlicis
1031 1561 1190 1637 postrema
1217 1553 1356 1619 maxime
1378 1554 1466 1619 urbis
1488 1553 1687 1620 Athenarum
1710 1560 1816 1619 aetate

469 1683 634 1743 exornata.
681 1677 719 1740 In
749 1674 843 1740 huius
866 1681 973 1740 autem
996 1674 1082 1740 demi
1105 1674 1172 1739 foro
1195 1674 1348 1758 Aegeidis
1371 1675 1472 1741 tribus
1495 1673 1639 1741 hermam
1661 1675 1750 1740 illum
1774 1675 1815 1739 ab

467 1797 580 1864 eadem
596 1797 679 1863 tribu
695 1796 900 1862 constitutum
921 1794 1023 1860 fuisse
1047 1795 1231 1879 suspiceris,
1257 1796 1312 1878 qui
1334 1817 1435 1881 prope
1451 1795 1625 1862 Andocidis
1640 1796 1767 1862 domum
1784 1803 1816 1861 et

467 1919 602 1984 heroum
624 1915 815 1982 Phorbantis
839 1917 953 2000 erat2).
1001 1916 1214 1998 Quamquam,
1242 1923 1277 1981 ut
1297 1916 1360 1981 iam
1384 1915 1462 1999 dixi,
1490 1918 1611 1983 incerta
1633 1938 1684 1983 res
1707 1924 1767 1983 est.

555 2039 687 2104 Possem
710 2037 807 2103 etiam
832 2037 873 2102 de
896 2057 936 2102 ea
958 2056 1034 2102 area
1057 2036 1232 2121 disputare,
1259 2057 1355 2120 quam
1379 2039 1417 2103 E.
1436 2038 1564 2105 Curtius
1587 2039 1629 2104 ad
1649 2039 1815 2124 Serapidis

468 2168 501 2226 et
516 2159 612 2225 Isidis
636 2159 790 2244 templum
814 2157 959 2224 extitisse
982 2157 1015 2222 in
1038 2158 1147 2224 tabula
1171 2166 1301 2243 propter
1323 2160 1472 2243 vestigia,
1500 2166 1533 2224 ut
1555 2160 1677 2246 opinor,
1704 2160 1816 2226 relicta

470 2279 675 2365 significavit,
702 2279 757 2344 ubi
780 2279 932 2363 Ilithyiae
954 2287 1173 2364 peruetustum
1197 2278 1306 2344 fanum
1331 2286 1363 2345 et
1384 2280 1503 2345 Thesei
1529 2301 1568 2346 ac
1589 2281 1723 2346 Pirithoi
1746 2277 1816 2346 σόν-

470 2405 556 2489 11ημα
578 2401 758 2467 Pausanias
787 2400 870 2466 vidit
879 2404 919 2484 ³);
953 2400 1135 2486 pariterque
1165 2401 1206 2467 de
1229 2421 1268 2466 co
1290 2401 1360 2466 loco
1383 2401 1529 2485 publico,
1562 2422 1657 2484 quem
1680 2402 1816 2467 Wachs·

470 2522 612 2589 muthius
643 2541 683 2587 ex
706 2521 888 2587 Pausaniae
918 2521 1026 2587 verbis
1053 2523 1095 2605 (2,
1122 2527 1150 2604 1)
1179 2521 1261 2588 inter
1283 2528 1407 2607 portam
1431 2521 1587 2588 Piraicam
1611 2530 1643 2587 et
1664 2523 1816 2607 Dipylnm

470 2646 564 2712 situm
597 2643 699 2709 luisse
732 2649 827 2709 acute
858 2641 1137 2727 demonstratio).
1185 2643 1227 2708 At
1255 2664 1296 2708 ne
1327 2641 1422 2708 certis
1451 2662 1534 2727 quae
1561 2643 1638 2708 mihi
1669 2643 1817 2709 ridentur

470 2766 576 2832 minus
599 2769 687 2830 certa
708 2763 916 2844 immisceam,
942 2762 994 2829 hic
1017 2764 1082 2829 iam
1105 2760 1285 2830 disserendi
1307 2763 1402 2830 linem
1424 2764 1519 2829 facio.

556 2887 713 2965 Quattuor
734 2884 776 2950 ad
799 2884 963 2950 minimum
986 2886 1150 2951 demotum
1174 2883 1244 2951 fora
1266 2892 1322 2950 aaut
1344 2906 1362 2950 e
1386 2884 1531 2970 vestigiis
1547 2886 1644 2951 etiam
1660 2908 1743 2952 nune
1759 2907 1816 2952 cx-

470 3007 612 3073 tantibus
634 3013 690 3072 ant
710 3028 728 3072 e
752 3005 941 3091 scriptorum
964 3005 1156 3072 testimoniis
1173 3005 1462 3072 demonstravimus
1477 3006 1511 3071 in
1526 3007 1604 3072 urbe
1620 3006 1816 3073 Athenarum

470 3129 546 3195 olim
562 3127 674 3194 fuisse.
714 3127 839 3206 Quibus
854 3127 991 3210 cognitis
1006 3126 1039 3192 id
1055 3127 1266 3210 assequimur,
1293 3127 1414 3211 opinor,
1441 3133 1561 3193 utnon
1584 3128 1676 3194 modo
1699 3149 1817 3212 synoe-

469 3251 589 3316 cismus
611 3250 752 3315 urbanus
774 3248 952 3313 illustretur
974 3254 1007 3313 et
1028 3249 1173 3332 quaestio
1189 3247 1332 3313 difficilis
1348 3247 1389 3313 de
1404 3248 1602 3314 comitiorum
1617 3250 1686 3315 loco
1702 3251 1817 3335 expla-

471 3377 582 3452 netur,
617 3369 675 3436 sed
698 3370 795 3436 etiam
818 3374 854 3434 ut
875 3369 963 3434 urhis
985 3369 1091 3452 qualis
1114 3390 1172 3455 per
1194 3369 1327 3435 saecula
1349 3369 1503 3436 hIstoriae
1525 3371 1678 3436 memoria
1700 3377 1817 3437 testata

470 3490 575 3572 fuerit,
602 3490 706 3575 magis
729 3485 884 3576 expressa
904 3489 1012 3575 imago
1035 3489 1204 3558 efficiatur.

560 3735 577 3795 ¹)
598 3733 673 3803 apud
691 3733 773 3787 Phot.
795 3733 863 3787 bibl.
885 3751 912 3803 p.
928 3733 1006 3797 375b;
1028 3732 1064 3787 ci.
1085 3733 1117 3787 Ε.
1139 3734 1254 3788 Curtius
1272 3736 1331 3788 Aa.
1354 3735 1433 3787 Stud.
1456 3735 1481 3789 ll
1501 3750 1527 3802 p.
1545 3735 1585 3787 13.

557 3821 578 3881 ²)
599 3821 636 3874 de
654 3835 709 3890 quo
727 3834 824 3872 omnes
843 3819 921 3873 locus
939 3821 1096 3890 composuit
1113 3817 1149 3872 A.
1169 3819 1319 3874 Kirclrhoff
1334 3820 1362 3874 in
1382 3821 1473 3875 Herm.
1495 3821 1506 3874 l
1527 3839 1553 3891 p.
1569 3824 1637 3891 tlsq.

557 3907 577 3971 ³)
602 3907 641 3971 18,
662 3909 692 3969 4;
713 3903 749 3959 cs.
770 3905 966 3960 Schneidewin
984 3907 1021 3960 ad
1040 3905 1124 3976 Soplr.
1146 3905 1214 3960 (led.
1230 3907 1296 3961 Col.
1317 3925 1344 3961 v.
1361 3909 1436 3962 1591.

558 3994 577 4056 ⁴)
598 3992 783 4047 Wachsmuth
801 4009 829 4061 p.
847 3993 905 4044 191.
921 3994 980 4047 113.
1011 3992 1143 4048 Ceterum
1162 3993 1198 4047 de
1217 3991 1277 4046 foro
1295 3992 1379 4054 demi,
1399 3994 1427 4048 ni
1448 3993 1543 4057 fallor,
1564 3992 1689 4065 Agrylae
1708 3995 1745 4049 ad
1764 3995 1819 4064 Py-

473 4080 560 4134 thium
580 4085 609 4134 ct
627 4078 816 4148 Delphinium‚
840 4077 930 4146 Aegei
950 4080 1054 4146 regiam
1074 4080 1205 4148 idemque
1223 4080 1382 4148 sepulcrum
1400 4080 1470 4143 sito,
1491 4080 1539 4135 ubi
1559 4080 1690 4135 Mercurii
1708 4083 1817 4150 siguum

473 4167 509 4221 ad
528 4172 625 4235 portus
643 4163 733 4232 Aegei
752 4171 822 4229 erat,
843 4166 896 4219 hoc
915 4167 978 4220 loco
995 4182 1051 4220 uon
1070 4165 1193 4236 disputo,
1215 4167 1282 4236 quia
1300 4168 1329 4221 id
1349 4177 1429 4221 extra
1448 4167 1636 4221 murosurbis
1655 4174 1725 4222 erat.
1760 4168 1820 4222 hlu-

472 4268 521 4306 rue
539 4258 632 4306 autem
650 4251 690 4306 ibi
709 4251 784 4305 sicut
801 4268 888 4322 prope
907 4253 1041 4322 Dipylum
1062 4252 1108 4316 lei.
1130 4272 1156 4308 v.
1178 4252 1273 4316 Alton,
1296 4254 1388 4307 Mitte.
1408 4255 1435 4307 d.
1456 4251 1481 4306 d.
1502 4253 1573 4306 arch.
1593 4254 1662 4307 Irrst.
1683 4253 1724 4306 lII
1743 4272 1770 4324 p.
1786 4258 1818 4305 30

473 4339 533 4408 ὄρος
552 4335 722 4408 Κεραμεικοῦ)
744 4337 772 4392 in
791 4339 909 4393 duorum
928 4339 1071 4393 demotum
1090 4339 1217 4394 confiniis
1237 4338 1324 4394 luisse
1337 4341 1460 4394 ridetur.
1480 4369 1515 4378 -
1534 4340 1716 4395 Columellam
1732 4357 1818 4410 prope

473 4425 607 4496 Dipylum
626 4425 653 4479 iu
672 4424 789 4494 antiquo
807 4431 893 4492 puteo
911 4426 1067 4489 inventam,
1089 4426 1133 4479 cui
1153 4426 1257 4480 litteris
1274 4427 1456 4495 neglegenter
1474 4427 1570 4482 incisis
1588 4428 1754 4496 inscriptum
1775 4436 1819 4482 est
1890 4476 1895 4487 ,

473 4511 555 4584 ἀγορά
574 4511 756 4576 (Cumanudis
772 4509 909 4581 Ἀθήναιον
928 4513 972 4566 111
989 4529 1016 4582 p.
1032 4513 1104 4578 272),
1124 4513 1282 4568 nominasse
1301 4513 1372 4569 satis
1391 4513 1493 4569 haheo.
