4118 6240
721 657 772 713 DE
792 656 975 713 PANDORA
994 657 1146 713 HESIODI
1548 664 1602 724 141

259 846 411 930 cipienda
432 854 522 913 sunt:
559 847 693 931 quodsi
717 848 917 932 neglegimus
940 868 980 914 ne
1004 849 1045 914 ab
1072 849 1280 934 epitomatore
1303 847 1431 932 quidem
1455 849 1508 933 qui
1531 850 1608 916 talis

259 967 416 1051 proficisci
446 968 585 1052 potuerit
613 969 753 1034 narratio
783 969 1005 1054 perspicimus,
1059 969 1142 1034 Nam
1165 969 1199 1034 id
1221 969 1349 1035 omnino
1378 989 1441 1035 non
1463 971 1608 1054 anquisi-

259 1095 373 1154 verunt
402 1090 518 1170 critici,
556 1097 590 1156 ut
618 1090 723 1155 solent
751 1090 784 1154 iu
814 1089 874 1155 bac
904 1110 938 1156 re
968 1111 1082 1175 parum
1112 1090 1227 1155 curiosi
1257 1109 1346 1156 esse:
1384 1091 1476 1174 quasi
1499 1092 1606 1176 ipsum

258 1230 374 1275 nomen
397 1210 616 1295 epitomatoris
644 1211 697 1276 vel
725 1210 960 1276 concinnatoris
982 1211 1033 1277 vel
1062 1210 1296 1296 interpolatoris
1319 1210 1362 1276 ad
1384 1211 1605 1279 difficultatem

257 1331 491 1415 expediendam
514 1332 684 1397 sufficeret.
731 1331 839 1409 Quare
862 1331 946 1414 quod
969 1331 1212 1398 Scboomannus
1235 1332 1327 1413 dicit,
1362 1353 1455 1415 quern
1483 1341 1606 1399 cetero-

256 1471 324 1516 rum
355 1452 456 1518 instar
485 1453 632 1537 appello,
665 1453 712 1518 sie
742 1458 957 1536 comparatam
989 1471 1061 1518 esse
1084 1451 1167 1518 banc
1188 1452 1402 1519 narrationem
1430 1457 1483 1520 ‘ut
1504 1456 1603 1521 veteri

257 1579 373 1656 poetae
396 1574 526 1638 anullo
549 1573 602 1656 qui
625 1573 754 1657 quidem
778 1572 981 1639 mediocriter
1008 1573 1114 1658 sapiat
1143 1572 1239 1638 tn'bni
1269 1573 1365 1640 facile
1393 1575 1519 1658 possit',
1553 1575 1603 1641 lris

256 1692 478 1776 similibusque
500 1693 615 1759 edictis
638 1694 724 1759 haud
746 1693 905 1778 perterriti
925 1693 1181 1759 Sclroemannum
1204 1694 1349 1776 aliosque
1372 1714 1538 1779 perperam
1562 1695 1603 1762 de

256 1822 351 1895 poeta
373 1814 466 1899 epico
489 1814 648 1897 cogitasse
671 1814 904 1898 intellegimus,
937 1835 1000 1880 non
1030 1815 1070 1880 de
1100 1815 1156 1879 tali
1180 1815 1285 1898 qualis
1308 1814 1493 1881 tractandus
1516 1825 1600 1897 erat;

255 1933 394 2016 itemque
417 1935 503 2019 quod
525 1956 565 2001 ea
598 1941 699 2018 ‘quae
728 1935 867 2001 maxime
897 1934 939 2013 ad
968 1955 1047 2001 rem
1079 1935 1285 2020 pertinebant
1313 1956 1426 2020 parurn
1455 1940 1601 2004 curasse'

255 2063 450 2121 narratorem
474 2063 606 2139 questus
628 2064 687 2138 est,
714 2077 882 2142 perperam
910 2059 1005 2122 ‘rem'
1029 2077 1087 2140 per
1110 2076 1145 2122 se
1168 2056 1335 2142 ipsamque
1358 2057 1398 2122 de
1413 2057 1602 2125 Prometheo

254 2175 396 2241 fabulam
427 2177 585 2262 spectavit
613 2198 719 2260 neque
748 2177 782 2244 id
812 2177 954 2262 respexit
983 2197 1044 2260 quo
1072 2177 1142 2261 ipse
1172 2184 1269 2242 antea
1295 2184 1381 2244 reete
1410 2178 1492 2245 dixit
1519 2179 1603 2246 banc

252 2304 375 2381 partem
399 2319 524 2364 omnem
547 2299 723 2382 pertinere,
758 2297 1010 2382 utfrugalitatis
1036 2299 1211 2363 necessitas
1234 2306 1266 2364 et
1288 2298 1372 2363 unde
1396 2298 1475 2366 baec
1498 2300 1602 2365 bomi-

252 2417 347 2483 nibus
369 2419 513 2484 iniuncta
538 2419 580 2484 sit
602 2425 792 2504 exponatur.
838 2419 943 2483 Huius
965 2425 1072 2484 autem
1096 2419 1142 2484 rei
1161 2419 1338 2503 simplicem
1354 2420 1522 2486 veritatem
1538 2443 1601 2488 non

251 2538 357 2622 magis
386 2540 526 2625 amplexi
551 2549 640 2621 sunt,
677 2540 731 2623 qui
761 2546 888 2624 poetam
920 2559 1032 2622 parum
1064 2538 1202 2605 feliciter
1230 2539 1449 2607 defendebant
1482 2542 1599 2607 Ranlxii

252 2661 503 2744 Vollbehriique.
1533 2641 1539 2649 ⁰

336 2783 405 2847 Iam
437 2783 589 2848 Lebrsius
618 2783 640 2847 l.
673 2802 699 2847 s.
733 2802 760 2846 s.
789 2803 820 2866 p.
848 2785 910 2844 221
934 2801 1003 2865 sqq.
1035 2787 1101 2846 tres
1135 2789 1243 2865 partes
1277 2781 1492 2867 seiungendas
1526 2804 1598 2852 esse

249 2903 392 2968 censuit:
445 2906 471 2987 1)
513 2903 658 2988 Iuppiter
695 2902 883 2968 Prometheo
921 2908 1051 2987 propter
1089 2902 1236 2967 fraudem
1275 2903 1460 2970 Meconeam
1496 2906 1597 2972 iratus

248 3024 367 3090 vietum
386 2991 582 3089 'hominibus
615 3022 818 3089 abscondidit
848 3044 878 3088 v.
905 3027 1064 3101 42-49;
1107 3024 1136 3105 2]
1172 3023 1316 3108 Iuppiter
1349 3032 1479 3109 propter
1508 3027 1597 3092 frau-

247 3144 320 3210 dem
351 3145 535 3210 Meconeam
569 3144 706 3229 primum
740 3145 846 3229 ignem
880 3143 1095 3223 abscondidit,
1134 3142 1194 3208 boo
1227 3144 1345 3210 deinde
1378 3166 1437 3230 per
1466 3148 1598 3213 Prome-

248 3265 355 3331 theum
387 3273 574 3351 recuperato
605 3266 770 3332 Feminam
801 3265 937 3344 crearit,
974 3285 1068 3348 qnam
1096 3264 1305 3349 Epimetheus
1334 3269 1475 3351 accepit,
1513 3290 1595 3351 quae

248 3387 333 3451 facta
359 3387 527 3452 calamitas
556 3385 737 3452 hominibus
767 3407 797 3450 v.
824 3389 962 3450 50-88.
1009 3389 1038 3468 3)
1066 3387 1152 3450 Mala
1173 3406 1231 3469 per
1254 3386 1419 3452 Feminam
1444 3399 1597 3455 venemnt

247 3509 388 3592 maligne
410 3507 531 3572 dolium
554 3507 639 3590 quod
662 3527 702 3572 ea
723 3517 926 3573 conservaret
949 3506 1145 3592 aperientem
1167 3529 1199 3572 v.
1225 3511 1399 3573 eo-mt.
1446 3511 1595 3576 Partibus

245 3629 291 3694 sie
320 3627 434 3695 divisis
464 3629 600 3713 primum
631 3628 760 3711 quidem
789 3628 941 3694 Lehrsius
976 3647 1106 3712 prorsus
1141 3649 1255 3693 novam
1290 3636 1387 3712 atque
1417 3630 1593 3696 inauditam

245 3750 408 3816 coustituit
430 3749 592 3832 fabulam,
627 3769 698 3814 cum
721 3749 830 3815 lovem
853 3750 971 3814 vietum
995 3748 1176 3813 bominibus
1198 3749 1443 3817 abscondidisse
1465 3762 1595 3838 propter

244 3871 389 3938 fraudem
413 3871 598 3937 Meeoneam
621 3871 732 3954 fingat.
779 3869 938 3935 Hesiodus
960 3890 1036 3935 vero
1055 3891 1128 3935 cum
1143 3870 1228 3935 ritae
1250 3868 1410 3937 hnmanae
1433 3873 1593 3938 condicio-

243 3982 315 4061 nem
339 3994 372 4059 in
395 3992 487 4078 peius
510 3998 664 4057 mutatam
680 4012 720 4056 ex
736 3990 916 4057 Promethei
939 3990 1133 4056 facinoribus
1155 3991 1336 4071 deduceret,
1362 3993 1415 4076 qui
1431 3994 1594 4078 putandus

245 4182 372 4221 sermone
396 4167 579 4235 conspicuus,
607 4164 747 4232 ineptiunt
770 4164 817 4232 qui
842 4164 960 4218 alterum
981 4165 1017 4219 ab
1036 4165 1126 4219 altero
1145 4180 1276 4233 separare
1295 4166 1403 4221 volunt.
1441 4167 1530 4222 Recte
1549 4169 1590 4221 sic

244 4255 337 4307 omnia
356 4269 386 4308 se
405 4255 563 4321 excipiunt:
590 4253 732 4319 principes
757 4251 810 4305 tibi
834 4267 868 4304 ex
892 4252 1040 4306 voluntate
1065 4257 1114 4304 tua
1138 4252 1183 4305 ius
1208 4252 1354 4316 dixerunt,
1375 4268 1472 4323 ,neque
1496 4261 1589 4309 tamen

243 4355 340 4394 verum
360 4341 401 4392 sic
419 4347 605 4408 respexerunt
623 4339 798 4393 commodum
817 4345 905 4400 tuum,
926 4340 1002 4409 qnod
1022 4341 1049 4393 in
1068 4340 1152 4393 modo
1171 4341 1303 4394 consistit
1316 4347 1400 4410 atque
1414 4339 1588 4410 frugalitate.

243 4425 341 4480 Talem
366 4442 461 4480 curam
484 4428 560 4496 quod
586 4428 719 4482 Lelrrsius
738 4426 929 4495 Steitziusque
954 4433 1093 4495 negarunt
1117 4427 1241 4481 indicum
1267 4442 1330 4480 esse
1356 4428 1429 4481 alter
1454 4429 1489 4482 do
1515 4430 1589 4482 omni

244 4513 397 4581 desperans
423 4528 531 4566 conexu
556 4514 629 4567 altor
647 4529 759 4567 sensum
777 4513 873 4569 verbis
891 4514 1040 4567 intrudens
1058 4529 1139 4584 quem
1158 4530 1210 4568 nec
1228 4529 1279 4584 per
1297 4531 1328 4568 se
1346 4514 1451 4569 babere
1469 4522 1588 4584 possunt

243 4615 295 4652 nec
312 4614 362 4666 per
380 4600 516 4653 orationis
535 4600 698 4662 decursum,
725 4614 781 4651 non
807 4599 891 4653 video
910 4599 977 4668 quid
998 4600 1064 4653 talis
1083 4601 1226 4655 dubitatio
1245 4601 1422 4655 extrinsecus
1441 4603 1532 4656 ascita
1550 4603 1586 4656 ad

240 4686 502 4753 interpretationem
521 4685 657 4750 conferat,
678 4688 843 4755 praesertim
863 4703 925 4740 cum
943 4688 1055 4741 omuino
1072 4690 1231 4743 nesciamus
1250 4696 1354 4759 quanta
1366 4691 1444 4744 Persi
1464 4691 1510 4763 δίῳ
1523 4693 1588 4764 γένει

240 4787 301 4825 curn
315 4773 429 4839 regibus
442 4771 620 4827 familiaritas
632 4774 834 4828 intercesserit.
867 4773 924 4827 lam
944 4790 1011 4829 vero
1030 4790 1101 4844 quae
1118 4783 1251 4830 secuntur
1263 4777 1300 4830 ad
1312 4792 1424 4831 versum
1437 4780 1467 4829 41
1482 4779 1588 4846 optimo

240 4859 379 4928 quadrare
404 4859 516 4912 dudum·
533 4858 567 4914 G.
593 4860 768 4914 Hermannus
793 4867 946 4928 praeeunte
970 4861 1123 4915 Wolckcro
1147 4863 1244 4918 docuit
1276 4862 1387 4932 (Opuse.
1408 4862 1449 4919 lv
1472 4882 1500 4934 p.
1521 4868 1582 4927 2233

240 4947 277 4998 ‘d
292 4946 416 5015 Aeactyt
435 4946 504 4998 Tril.
520 4946 617 4998 laona)
637 4964 663 5016 p.
681 4949 735 5009 ts),
755 4946 820 4999 dum
840 4947 923 4999 modo
942 4962 976 5000 ex
994 4949 1108 5015 poetico
1127 4949 1240 5003 dicendi
1259 4965 1362 5017 genere
1381 4951 1530 5018 imaginem
1550 4953 1586 5007 de

239 5033 332 5088 malva
350 5033 561 5103 asphodeloque
579 5034 721 5103 percipias
739 5049 829 5102 neque
848 5034 921 5087 adeo
937 5035 974 5088 ab
986 5035 1059 5088 omni
1072 5035 1132 5089 veri
1146 5051 1229 5089 sensu
1242 5037 1398 5090 destitutus
1411 5038 1460 5102 sis,
1480 5045 1513 5093 ut
1523 5055 1588 5109 pro·

238 5121 327 5193 priam
340 5120 437 5175 borum
449 5120 598 5176 verborum
612 5121 753 5176 notionem
766 5135 891 5190 premas:
913 5121 942 5174 id
962 5122 1038 5190 qnod
1057 5123 1085 5176 in
1099 5122 1257 5177 Hetzelium
1272 5123 1476 5194 Stoitziumque
1496 5126 1584 5184 eadit.
