4118 6240
443 647 503 711 128
1026 647 1059 702 F.
1079 645 1196 703 BLASS

441 856 536 904 versu
553 835 582 900 Χ
598 835 744 902 vocabuli
766 828 839 923 ἄχρι
862 842 953 901 extra
975 837 1116 922 spatium
1139 837 1282 916 additur;
1309 834 1494 900 addendum
1510 855 1582 900 esse
1605 855 1668 899 non
1690 854 1784 918 nego.

442 958 514 1022 Non
537 963 623 1023 reete
639 956 799 1023 Cancrum
822 956 855 1021 in
878 957 925 1021 cis
948 976 1031 1039 quae
1054 964 1230 1041 sequuntur
1250 953 1376 1043 ποιίσηι
1398 956 1564 1041 scripsisse
1587 977 1644 1041 pro
1667 950 1788 1040 ποιήοει

441 1086 474 1144 ct
501 1077 552 1143 bis
573 1073 734 1164 πρήξωισιν
765 1098 822 1163 pro
844 1072 997 1164 πρήξοισιν
1026 1078 1163 1144 libenter
1185 1078 1280 1143 Gallo
1309 1075 1424 1144 editori
1451 1076 1679 1154 concedemus3
1713 1096 1787 1161 pcr-

440 1218 538 1283 saepe
559 1197 643 1263 enim
667 1204 699 1263 et
721 1197 808 1283 apud
829 1197 953 1263 Atticos
976 1206 1008 1264 et
1029 1198 1116 1284 apud
1138 1205 1260 1264 ceteros
1286 1205 1336 1264 est
1361 1197 1404 1262 ΕΙ
1431 1218 1488 1282 pro
1514 1197 1573 1278 ΗΙ,
1606 1218 1711 1280 neque
1735 1197 1781 1261 Ol

440 1340 499 1404 pro
534 1318 605 1401 ΩΙ,
646 1318 792 1399 quamvis
820 1319 924 1384 rarius
954 1319 1011 1402 sit,
1045 1318 1212 1403 quicquam
1242 1319 1428 1384 offensionis
1456 1318 1564 1384 habet.
1616 1320 1654 1384 In
1683 1319 1710 1383 B
1739 1326 1789 1384 est

440 1436 595 1527 λάβωιοιν,
622 1438 680 1504 sed
703 1438 776 1505 ino
798 1436 981 1523 τοίκόπεὸον,
1007 1438 1199 1526 κΟἰνοπίδης.
1239 1441 1336 1507 Recte
1355 1439 1387 1503 id
1410 1460 1535 1523 quoqne
1551 1439 1782 1519 Haussoullier,

441 1560 526 1643 quod
554 1559 588 1624 in
619 1559 769 1626 extremis
803 1560 872 1626 cius
905 1560 1017 1626 lateris
1050 1561 1196 1627 versibus
1229 1563 1260 1626 ἐν
1294 1560 1442 1647 ἐίπλίαρῆι
1475 1560 1631 1645 reposuit:
1670 1561 1789 1645 legitur

443 1681 560 1746 ΕΝΕΙ
579 1680 716 1767 ίλΡΗΙ;
755 1683 786 1746 ἐν
814 1683 887 1766 talis
916 1678 975 1768 ἀρῇ
1007 1682 1178 1766 scripserat
1208 1682 1322 1747 Cauer.
1355 1720 1398 1729 —
1431 1681 1568 1763 Reliqua
1597 1681 1659 1747 tria
1686 1682 1789 1749 latera

442 1798 601 1890 στοιχηδόν
623 1801 785 1887 insculpta
807 1803 905 1867 verba
926 1803 1061 1874 habent:
1094 1821 1208 1867 manus
1237 1821 1363 1885 quoque
1391 1801 1456 1867 alia
1484 1808 1534 1867 est
1563 1808 1660 1886 atque
1683 1803 1716 1868 in
1738 1805 1788 1869 la-

442 1932 509 1990 tere
531 1923 577 2004 Α,
609 1923 642 1987 in
665 1943 728 2006 quo
754 1923 780 1986 Ν
805 1922 929 1987 litterae
959 1923 1081 2008 primus
1104 1923 1218 1987 ductus
1241 1923 1388 2005 obliquus
1411 1928 1472 1988 cst.
1520 1922 1734 1990 Nihilominus
1757 1933 1789 1990 et

351 2044 354 2050 ’
441 2044 546 2110 Gener
568 2050 600 2109 et
618 2042 844 2109 Haussoullier
866 2042 973 2108 omnia
995 2043 1107 2109 eodem
1129 2048 1273 2127 tempore
1295 2043 1413 2128 scripta
1435 2050 1558 2127 putant,
1584 2045 1789 2128 referuntque

440 2163 484 2230 ad
506 2164 761 2231 terminationem
784 2163 1062 2247 venditionemque
1084 2163 1235 2229 bonorum
1258 2163 1456 2247 quorundam
1476 2165 1721 2250 publicatorum,
1748 2167 1788 2232 de

441 2285 558 2369 quibus
580 2285 613 2350 in
635 2284 791 2350 lateribus
808 2284 864 2351 OD
883 2284 1002 2351 mentio
1024 2283 1071 2349 fit.
1111 2283 1177 2349 Sed
1200 2284 1231 2349 in
1255 2285 1356 2350 latere
1371 2285 1400 2349 Α
1415 2304 1520 2368 neque
1541 2285 1583 2351 de
1606 2286 1789 2353 venditione

440 2407 546 2490 agitur
574 2425 678 2488 neque
707 2405 824 2490 privati
851 2405 1038 2488 cuiusquam
1066 2425 1182 2470 nornen
1212 2404 1363 2486 occurrit,
1401 2404 1459 2471 sed
1493 2405 1632 2489 regionis
1666 2415 1787 2474 tanturn

442 2547 525 2610 quae
541 2526 662 2613 Δοφῖτις
678 2533 819 2592 vocator.
860 2526 946 2610 Ergo
969 2527 1052 2592 sicut
1066 2545 1180 2591 manus
1195 2525 1324 2591 diversa
1342 2532 1401 2607 est,
1427 2534 1649 2610 argumentum
1666 2548 1789 2611 quoque

441 2647 530 2713 aliud
560 2667 666 2729 neque
696 2646 810 2713 eadem
837 2654 930 2713 aetas
957 2646 1031 2713 huic
1061 2647 1146 2732 parti
1175 2647 1259 2712 tituli
1288 2646 1458 2712 tribuenda
1487 2648 1623 2713 videtur.
1676 2649 1791 2715 Cetera

440 2774 629 2853 argumento
652 2767 800 2852 coniungi
822 2789 884 2834 non
907 2768 1064 2851 estquod
1093 2788 1261 2852 negemus.
1287 2807 1328 2817 -
1351 2768 1387 2849 C,
1414 2772 1433 2832 2
1459 2794 1603 2853 ..ιομενος
1625 2768 1657 2834 in
1680 2769 1789 2854 lapide

441 2909 514 2956 csse
542 2895 678 2955 testatur
700 2888 937 2972 Haussoullier;
971 2889 1138 2955 concidere
1167 2889 1265 2972 igitur
1293 2888 1378 2972 qood
1400 2889 1504 2954 Caner
1532 2889 1663 2974 scripsit
1684 2888 1733 2963 τὸς
1757 2883 1789 2953 δ’

441 3010 638 3096 ίοα]ηομένος
660 3005 679 3095 η
702 3007 788 3082 πόλις
811 3011 955 3097 δεξαμένη
980 3011 1162 3082 δικαζέσθω.
1204 3011 1273 3092 Ego
1300 3010 1379 3074 haec
1402 3009 1467 3074 lere
1490 3010 1698 3075 restituerim:
1742 3005 1790 3096 [ip

442 3132 475 3196 δέ
498 3156 541 3204 τις
563 3127 613 3203 τὸς
634 3131 796 3217 πριαμένος
819 3126 1002 3216 ἀποκληιίηι]
1029 3125 1047 3217 ἢ
1077 3130 1169 3212 (hanc
1192 3130 1331 3195 litteram
1355 3129 1472 3212 inisse,
1502 3151 1565 3195 non
1588 3156 1620 3215 γ,
1654 3138 1791 3196 testatur

440 3251 671 3334 Haussoullier)
693 3247 874 3336 ὃικοίίζηται,
900 3250 950 3326 τὸς
966 3249 1228 3337 ἀποΙκληλιομένος
1243 3247 1262 3336 ἡ
1279 3247 1364 3323 πόλις
1381 3252 1526 3336 δεξαμένη
1543 3252 1726 3322 δικαζέσθω.
1747 3292 1790 3299 -

441 3372 564 3439 Ibidem
586 3393 618 3439 v.
638 3374 657 3435 8
679 3372 742 3436 iam
767 3393 806 3437 ex
830 3372 940 3458 lapide
963 3372 1068 3458 prodit
1091 3370 1230 3460 βοιιλεός
1254 3392 1310 3456 pro
1335 3368 1492 3459 βασιλεύῃ
1519 3393 1614 3457 porro
1634 3375 1790 3457 adpelle<

443 3490 572 3582 ἐπαράς,
599 3492 685 3576 quod
707 3493 836 3578 scripsit
859 3494 980 3576 (laucr,
1007 3493 1087 3559 satis
1110 3492 1330 3574 confirmatur,
1357 3513 1430 3557 cum
1453 3493 1492 3554 Μ
1515 3513 1641 3575 quoquc
1664 3493 1790 3560 litterae

442 3615 581 3697 vestigia
601 3613 783 3680 certissima
804 3620 941 3679 exstent.
966 3652 1008 3660 -
1031 3613 1111 3679 Inde
1133 3635 1153 3678 a
1176 3633 1271 3679 versu
1291 3617 1328 3675 10
1352 3618 1511 3696 emptores
1533 3613 1685 3678 bonorum
1708 3635 1789 3696 qrrae

442 3734 607 3802 divendita
634 3740 727 3800 erant
753 3741 966 3800 recensentur.
1014 3736 1051 3800 V.
1075 3738 1214 3798 10-19:
1256 3729 1308 3806 τὰς
1337 3734 1408 3818 ηέας
1439 3730 1489 3797 καί
1518 3731 1571 3806 τὰς
1594 3737 1708 3808 οἰκιέοις
1735 3736 1791 3816 (ita

442 3857 537 3942 larue,
563 3876 626 3920 non
642 3856 758 3933 οἰκέας;
786 3852 886 3941 νήτην
902 3855 999 3941 οἰκίην
1016 3855 1086 3939 D5]
1114 3856 1254 3942 ἐπρίαντο
1273 3860 1332 3918 τῶν
1352 3851 1507 3919 Ἀννικῶ
1529 3855 1646 3921 παίδων
1663 3853 1790 3930 Ἱκέσιος

455 3971 621 4063 Ηηεπόλιος
647 3977 913 4062 πεντακισχειλίοιν
942 3976 1120 4064 τριηκοσίων
1153 3971 1420 4062 τεοσίεροι]κο’ντων
1452 3976 1627 4059 [vulgarem
1658 3977 1791 4042 forman]

442 4091 685 4184 csseupuao'vrosv
701 4095 946 4163 introduxerunt
962 4096 1128 4181 editores)·
1158 4092 1392 4183 Ἀθηναηὸρίηλς
1413 4092 1654 4184 (Ἀθηναηὸρίοιίς
1673 4099 1786 4179 (lauet,

443 4217 528 4302 quod
549 4216 641 4302 pueri
663 4223 713 4282 est
735 4217 903 4301 corrigere)
924 4212 1106 4303 ‘Hlpoio'lto
1129 4216 1250 4303 χειλίων
1274 4217 1455 4282 ἑκτακοοίον
1502 4218 1565 4282 ,ΑΙ
1585 4218 1612 4281 Γ
1624 4218 1724 4282 ΕΛΕ
1741 4221 1788 4282 0.

443 4337 595 4424 Τιμοκλῆς
621 4328 784 4424 (Φίλοκλης
799 4338 911 4422 Cauer)
933 4334 1082 4423 Ζηνοδότο
1105 4333 1158 4402 τᾶν
1184 4333 1375 4424 ἠΕλιίάὸηιοιν
1397 4339 1570 4425 διοχειλίων
1593 4340 1789 4405 ἑπτακοσίων.

442 4498 486 4508 -
503 4455 625 4524 ’Arasmi
652 4458 794 4542 genetivi
822 4458 943 4524 similes
974 4465 1049 4523 sont
1079 4458 1174 4523 [lutei
1197 4459 1279 4542 Dr,
1313 4460 1403 4527 Aoni
1425 4459 1455 4522 D
1474 4463 1523 4523 17.
1579 4459 1691 4526 Πυθέω
1719 4482 1792 4527 esse

443 4580 584 4646 debebat
597 4600 654 4664 pro
671 4579 815 4676 lindiam
835 4579 893 4644 sed
908 4585 984 4664 puto
1001 4579 1034 4644 in
1050 4579 1247 4645 nominativo
1263 4600 1325 4644 non
1343 4578 1465 4666 Πυθέης
1481 4581 1581 4647 luisse
1597 4581 1655 4648 sed
1672 4581 1805 4667 lloilig„

444 4708 476 4768 et
503 4700 750 4767 contractionem
780 4699 850 4765 cius
880 4719 975 4765 casus
998 4700 1254 4783 reliquorumque
1277 4701 1374 4767 etiam
1396 4701 1580 4785 genetivum
1603 4722 1676 4768 esse
1700 4723 1794 4769 seon-

444 4829 521 4888 tom.
555 4821 674 4887 Contra
689 4820 718 4883 D
735 4824 754 4884 6
771 4812 908 4906 Ἄνδρεος
928 4826 960 4886 et
982 4820 1014 4884 in
1030 4821 1097 4886 alia
1111 4821 1319 4907 inscriptione
1336 4822 1419 4888 Chia
1434 4822 1576 4888 eiusdem
1594 4822 1661 4889 lere
1676 4824 1793 4890 aetatis

446 4939 564 5016 Πύθιος
586 4940 756 5025 genetivus
779 4946 830 5006 est
856 4941 955 5023 (Ball.
980 4941 1020 5004 de
1041 4964 1124 5006 corr.
1149 4941 1222 5006 dell.
1249 4944 1307 5027 III,
1335 4946 1408 5023 319,
1435 4964 1483 5007 nr.
1503 4944 1546 5026 6);
1573 4943 1658 5010 adde
1681 4946 1792 5018 Φίλιος

445 5085 492 5130 nr.
516 5068 564 5147 14,
593 5057 732 5150 Maricae<
751 5065 788 5126 15
809 5070 851 5146 (p.
872 5062 959 5147 325),
986 5061 1175 5145 quibuscum
1198 5063 1393 5129 conferenda
1415 5063 1566 5129 Boeotios
1588 5063 1645 5130 illa
1668 5066 1792 5141 Φίλλιος
