4118 6240
479 638 538 699 118
606 636 638 690 Ε.
658 636 798 691 HlLLRR
815 635 1026 692 HlERONYlllI
1045 637 1178 692 RHODII
1197 637 1466 693 PERIPATE'PIOI
1486 635 1724 694 FRAGMENTA

563 827 632 893 Neo
655 827 761 894 minus
790 834 877 894 rente
899 827 942 893 ad
964 827 1157 895 Gordianum
1181 849 1201 894 a
1223 829 1378 895 Muellero
1407 829 1446 914 (p.
1467 831 1539 913 453)
1567 835 1631 894 tres
1654 828 1821 893 Strabonis

477 948 538 1013 looi
567 948 659 1014 relati
685 955 775 1033 sunt,
807 968 887 1032 quos
910 948 1034 1015 Rhodio
1056 950 1322 1016 Westermanuus
1354 951 1406 1033 (ad
1428 951 1521 1016 Voss.
1555 949 1595 1015 de
1624 948 1736 1014 histor.
1763 949 1819 1014 Gr.

478 1091 509 1153 p.
530 1071 580 1154 83)
608 1069 840 1153 assignaverat.
860 1071 937 1135 VlIl
960 1092 991 1156 p.
1011 1073 1072 1135 378
1094 1090 1143 1154 sq.
1174 1068 1227 1157 τήν
1260 1071 1292 1136 δὲ
1318 1073 1497 1137 τοποθεσίαν
1527 1078 1579 1156 τῆς
1608 1066 1724 1143 πόλεως
1751 1070 1823 1152 [Co

477 1190 600 1274 nothi),
632 1192 662 1262 ἐξ
691 1185 730 1255 ὧν
748 1188 927 1279 Ἱερώνυμός
955 1218 987 1257 τε
1015 1190 1117 1279 εἴρηκε
1147 1188 1197 1258 καί
1219 1184 1349 1266 Εύδοίος
1379 1192 1430 1258 καί
1460 1186 1564 1274 ἄλλοι,
1598 1189 1648 1256 καὶ
1667 1188 1760 1258 ἀὐτοὶ
1790 1191 1823 1256 δὲ

477 1311 614 1398 εἴδομεν,
647 1311 752 1377 νεωστὶ
774 1309 1000 1401 ἀναληφθείσης
1029 1309 1084 1378 ὑπὸ
1107 1318 1165 1378 τῶν
1189 1311 1362 1400 Ῥωμαίων,
1395 1309 1514 1380 τοιάνδε
1543 1312 1621 1382 εἶναι
1651 1315 1820 1401 συμβαίνει.

478 1435 536 1498 ΙΧ.
563 1456 595 1518 p.
615 1436 677 1497 443
701 1430 880 1522 Ἱερώνυμος
903 1435 936 1500 δὲ
959 1439 1011 1522 τῆς
1033 1431 1174 1508 πεδιάδος
1191 1435 1353 1509 Θετταλίας
1376 1434 1428 1500 καὶ
1444 1432 1635 1521 Μαγνήτιδας
1651 1432 1699 1500 τὸν
1715 1429 1823 1500 κύκλον

477 1557 650 1642 τρισχιλίων
674 1553 873 1643 ἀποφαίνεται
896 1558 1043 1622 σταδίων·
1077 1553 1217 1644 ᾠκῇσθαι
1240 1554 1270 1622 δ’
1297 1555 1352 1622 ὑπὸ
1377 1556 1556 1643 Πελασγῶν·
1587 1558 1768 1642 ἐξελαθῆναι
1791 1555 1824 1621 δὲ

476 1672 599 1749 τούτους
622 1680 664 1750 είς
686 1674 740 1763 τήν
761 1673 891 1743 Ἰταλίαν
916 1674 971 1743 ὑπὸ
988 1678 1144 1743 Λαπιθῶν·
1170 1677 1248 1743 εἶναι
1271 1678 1304 1743 δὲ
1320 1675 1352 1742 τὸ
1369 1684 1419 1743 νῦν
1436 1675 1619 1764 καλούμενον
1637 1675 1824 1762 Πελασγικὸν

476 1797 590 1880 πεδίον,
617 1802 648 1864 ἐν
665 1791 690 1886 ᾧ
706 1794 824 1886 Λάρισα
838 1797 889 1863 καί
906 1796 1045 1886 Γορταίνν,
1062 1800 1114 1865 καὶ
1130 1800 1228 1887 (θεραί
1244 1797 1294 1864 καὶ
1311 1795 1429 1886 θίύψιον
1445 1797 1497 1864 καί
1513 1796 1639 1885 Βοιβήίς
1662 1796 1711 1863 καὶ
1728 1791 1822 1864 Ὄσσα

478 1917 529 1984 καὶ
545 1916 658 2006 Ὁμύλή
674 1919 726 2020 καὶ
744 1917 857 2006 Πήλιον
872 1921 923 1986 καί
941 1920 1105 2008 Μαγνῆτις.
1147 1923 1178 1986 X
1193 1943 1226 2007 p.
1246 1925 1307 1984 475
1324 1915 1504 2007 Ἱερώνυμος
1521 1920 1554 1984 δὲ
1571 1925 1664 2006 μῆκος
1684 1921 1816 2004 (Cretae)

479 2042 632 2130 δισχιλίων
661 2044 809 2127 (σταδίων)
837 2041 948 2130 φήσας,
973 2039 1006 2108 τὸ
1030 2042 1063 2107 δὲ
1085 2038 1195 2115 πλάτος
1219 2038 1393 2127 ἀνώμαλον,
1425 2037 1570 2106 πλειόνων
1595 2036 1630 2106 διν
1654 2039 1702 2127 εἴη
1726 2043 1821 2126 λέγων

477 2161 526 2228 τὸν
548 2161 656 2229 κύκλον
680 2159 698 2250 ἢ
721 2159 799 2230 boor
821 2160 1043 2251 Ἀρτεμίδωρος.
1087 2165 1331 2230 Westermanuo
1354 2182 1507 2228 assensus
1522 2170 1572 2228 est
1586 2163 1819 2242 Brueolruerus,

475 2286 535 2351 lroo
557 2286 613 2351 ille
636 2306 713 2351 usus
736 2292 932 2369 argumento,
959 2286 1042 2369 quod
1063 2287 1165 2351 tribus
1187 2305 1266 2368 quos
1288 2284 1381 2349 attuli
1404 2284 1483 2349 loeis
1498 2284 1619 2348 nudum
1634 2284 1822 2368 Hieronymi

476 2427 591 2472 nornen
613 2407 746 2491 legitur,
780 2408 895 2473 Strabo
923 2415 1030 2472 autem
1053 2408 1129 2472 XIV
1151 2427 1183 2491 p.
1204 2411 1265 2470 655
1295 2404 1538 2491 peripateticum
1567 2405 1651 2472 inter
1680 2405 1821 2471 illustres

476 2527 617 2594 Rhodios
639 2534 875 2594 commemorat.
922 2529 1035 2611 Neque
1057 2547 1133 2593 vero
1155 2527 1328 2610 quidquam
1352 2527 1414 2591 hao
1428 2547 1462 2592 re
1477 2527 1674 2611 comprobari
1697 2533 1817 2611 potest:

476 2670 550 2713 uam
573 2649 653 2714 satis
676 2654 810 2732 constat,
836 2650 870 2714 in
893 2649 1076 2716 adterendis
1098 2649 1198 2714 tribus
1221 2644 1287 2713 illis
1310 2647 1497 2731 Hieronymi
1520 2647 1709 2731 fragmentis
1731 2650 1822 2713 Stra-

475 2771 589 2835 bonem
612 2770 696 2835 alius
719 2771 883 2854 scriptoris
905 2771 1095 2836 auctoritate
1118 2770 1190 2834 niti:
1232 2791 1264 2834 v.
1284 2770 1386 2834 Reuss
1401 2790 1434 2853 p.
1456 2773 1527 2831 151.
1567 2769 1676 2852 Riese,
1703 2769 1819 2833 libolo.

476 2894 561 2955 otus.
580 2892 709 2956 XXXII
725 2913 755 2976 p.
773 2894 831 2956 281
848 2911 917 2975 sqq.
958 2893 1137 2957 Aoouratae
1159 2899 1264 2957 autem
1284 2911 1503 2957 mensurarum
1518 2889 1721 2956 definitiones
1743 2911 1823 2973 quas

476 3011 539 3076 duo
569 3013 746 3096 posteriora
774 3012 955 3096 fragmenta
977 3013 1133 3097 praebent
1155 3034 1217 3078 non
1240 3012 1365 3077 Rhodio
1387 3011 1445 3078 sed
1468 3011 1629 3077 Cardiano
1652 3012 1822 3077 convenire

476 3131 637 3199 videntur:
666 3135 707 3199 of.
733 3135 835 3200 Reuss
859 3155 889 3219 p.
910 3138 950 3197 00
967 3154 1035 3216 sqq.
1080 3132 1202 3210 Quibus
1224 3133 1302 3198 loeis
1326 3133 1528 3198 historiarum
1544 3133 1697 3198 Gordiani
1719 3134 1824 3218 posita

477 3254 595 3320 fuerint
624 3254 686 3320 tria
715 3254 897 3338 fragmenta
927 3255 1126 3321 aStrabone
1156 3261 1301 3335 servata,
1335 3253 1415 3319 satis
1443 3252 1538 3319 facile
1569 3254 1669 3319 oouioi
1696 3262 1818 3339 potest:

476 3397 507 3441 v.
526 3377 630 3442 Reuss
653 3398 684 3461 p.
707 3380 778 3441 107.

563 3499 612 3562 Ea
641 3497 778 3581 denique
807 3518 890 3580 quae
924 3499 1074 3580 leguntur
1106 3497 1194 3581 apud
1224 3495 1430 3584 Damaseium
1466 3497 1506 3561 de
1540 3497 1650 3580 primis
1685 3497 1821 3583 princip.

477 3642 510 3704 p.
530 3620 587 3682 381
614 3614 737 3703 τοιαύτη
763 3617 815 3703 μὲν
838 3614 857 3703 ἡ
882 3613 1015 3702 συνήθης
1035 3612 1161 3705 Ὀρφική
1184 3618 1343 3702 θεολογία,
1374 3613 1393 3701 ή
1419 3616 1452 3680 δὲ
1475 3613 1552 3681 κατὰ
1574 3613 1623 3681 τὸν
1644 3613 1822 3704 Ἱερώνυμον

477 3739 528 3805 καί
545 3735 738 3821 Ἑλλάνικον,
769 3738 850 3826 εἴπερ
874 3737 914 3825 μή
938 3739 989 3804 καὶ
1012 3737 1027 3803 ὁ
1052 3736 1141 3811 αὖτίς
1164 3743 1252 3820 ἐστιν,
1286 3729 1380 3810 ούτως
1403 3737 1484 3824 ἔχει,
1518 3738 1572 3803 ubi
1595 3738 1823 3822 Hieronymum

477 3862 636 3927 Rhodium
659 3861 898 3926 commemorari
921 3861 1093 3926 arbitratus
1109 3867 1178 3925 erat
1193 3858 1432 3925 Tiedomaunus
1461 3859 1722 3941 (Grieelrenlonds
1743 3870 1824 3924 ero-to

478 3984 600 4048 Pbiloa.
626 4005 659 4068 p.
678 3986 744 4067 61),
775 3982 817 4047 ad
839 3982 1068 4066 Hieronymum
1092 3981 1285 4065 Aegyptium
1321 3983 1393 4063 llos.
1419 3982 1493 4045 Ant.
1519 3979 1590 4045 Iud.
1610 3982 1671 4063 13,
1692 3984 1722 4044 0.
1749 3984 1777 4064 9)
1804 4003 1825 4046 a

478 4104 632 4170 Muellero
666 4105 707 4188 tp.
736 4109 824 4185 450),
857 4104 1028 4168 Sebastero
1063 4103 1113 4188 (de
1147 4102 1266 4167 veteris
1301 4100 1399 4186 Orplr.
1432 4100 1556 4185 Theog.
1588 4101 1695 4167 indole
1729 4110 1824 4186 atque

479 4225 559 4308 orig.
585 4247 616 4310 p.
639 4227 725 4309 100),
752 4225 879 4290 Zellero
909 4225 932 4306 (l
955 4246 986 4309 p.
1007 4228 1056 4308 84)
1085 4243 1209 4288 summa
1232 4243 1302 4288 oum
1326 4222 1551 4306 probabilitate
1573 4229 1648 4288 suut
1670 4223 1782 4289 relata.
