4118 6240
444 670 503 734 rsa
993 669 1039 726 w.
1059 620 1228 728 anunm

441 862 520 924 σεῖον
543 860 696 926 Hieksius
719 860 780 927 sihi
806 861 970 928 invenisse
992 861 1081 927 visum
1105 870 1163 940 est,
1189 861 1275 927 unde
1298 861 1455 928 conclusit
1480 861 1583 926 forum
1599 858 1787 926 Seumhoni-

440 979 552 1046 darum
575 1002 674 1067 prope
702 983 896 1049 ‘Theseum'
919 981 1004 1065 quod
1020 990 1152 1050 voeatur
1172 982 1205 1048 in
1229 982 1308 1049 urhe
1331 982 1427 1048 situm
1456 982 1574 1047 fuisse:
1608 983 1661 1047 uhi
1692 980 1787 1047 etiam

440 1101 588 1168 inventus
612 1122 684 1169 esse
706 1103 789 1188 lapis
812 1102 939 1168 dicitur.
989 1103 1053 1169 Sed
1084 1111 1116 1170 et
1145 1103 1268 1169 ineerta
1297 1103 1393 1170 lectio
1423 1109 1473 1169 cst
1502 1110 1534 1169 et
1556 1110 1591 1169 ut
1619 1109 1705 1202 certa
1732 1102 1786 1182 sit,

440 1222 552 1289 eodem
574 1221 643 1289 iure
668 1223 804 1309 Θησείων
828 1224 892 1308 legi
915 1230 1038 1309 potest:
1068 1231 1104 1289 ut
1125 1222 1177 1289 hic
1200 1245 1264 1289 non
1286 1224 1349 1290 alio
1368 1223 1461 1289 modo
1485 1223 1526 1290 de
1542 1223 1678 1290 Theseis
1692 1230 1788 1306 atque

438 1343 473 1408 in
502 1344 669 1410 columnae
692 1368 709 1408 o
738 1366 769 1410 v.
799 1349 837 1409 13
854 1365 902 1428 sq.
927 1344 968 1411 de
991 1344 1159 1410 Heracleis
1174 1347 1206 1429 (t)
1240 1352 1273 1410 et
1294 1345 1534 1411 Panathenaeis
1563 1364 1668 1411 sermo
1698 1344 1740 1409 sit
1751 1345 1785 1425 ¹).

440 1464 566 1530 Deinde
594 1466 714 1551 templo
749 1465 920 1551 hexastylo
953 1465 1061 1531 dorico
1089 1465 1122 1531 in
1152 1464 1343 1532 occidentali
1374 1466 1462 1531 urhis
1493 1472 1584 1551 parte
1613 1465 1674 1531 sito
1703 1464 1786 1530 false

438 1584 558 1651 ‘l'hesei
587 1606 703 1652 nomen
733 1585 842 1652 datum
872 1606 946 1653 esse
973 1595 1006 1653 et
1034 1587 1089 1652 alii
1119 1593 1152 1652 et
1180 1606 1242 1670 ego
1267 1585 1567 1652 demonstravimus.
1622 1587 1787 1651 Postremo

438 1704 552 1771 demus
574 1706 859 1774 Scambenidarum
883 1728 945 1773 non
967 1707 1029 1773 fuit
1050 1709 1206 1774 urbanus:
1234 1707 1315 1772 situs
1338 1714 1407 1772 erat
1429 1706 1469 1772 ad
1487 1706 1572 1772 mam
1587 1705 1787 1772 Eleusiniam

439 1847 537 1912 prope
565 1829 657 1894 lacus
687 1828 803 1912 quibus
825 1850 942 1895 nemen
965 1835 1034 1894 erat
1056 1824 1219 1911 ‘Pereia
1267 1827 1332 1894 Sed
1355 1828 1538 1894 accuratius
1566 1828 1664 1893 etiam
1697 1827 1787 1891 loeus

438 1946 563 2014 definiri
586 1954 691 2034 potest
712 1950 796 2016 tituli
818 1951 922 2016 bonae
943 1949 1048 2033 frugis
1071 1949 1158 2034 pleni
1175 1948 1317 2014 subsidio
1326 1952 1363 2029 ³]1.
1410 1948 1458 2014 Ibi
1475 1949 1560 2014 enim
1583 1947 1702 2013 fundus
1717 1967 1787 2012 me-

440 2076 581 2134 moratur
602 2069 687 2136 intra
708 2070 789 2137 fines
812 2070 890 2156 pugi
911 2069 1031 2136 Thriae
1057 2070 1139 2136 situs
1166 2091 1265 2156 prope
1287 2069 1496 2154 Myrmecem.
1543 2069 1697 2135 Certatim
1727 2068 1787 2133 viri

437 2188 521 2255 docti
544 2190 587 2256 ad
609 2191 764 2276 Hesychii
786 2192 928 2275 glossam
950 2210 1009 2257 uos
1032 2190 1201 2274 delegant:
1226 2187 1410 2278 ‘stappae
1434 2185 1602 2277 e'upecrm';¹
1626 2185 1785 2275 Ἀθήνησιν

438 2312 468 2375 ἐν
493 2309 717 2398 Σκαμβωνιδῶν
745 2311 808 2377 ἔστι
837 2311 1004 2399 Μύρμηκος
1035 2307 1183 2398 ἀτραπός,
1223 2308 1282 2377 ἀπὸ
1311 2307 1410 2399 ἥρωος
1442 2307 1607 2398 Μύρμηκος
1638 2307 1786 2395 ὀνομαζο-

439 2432 561 2517 ptam).
608 2433 671 2498 Illa
701 2432 799 2517 igitur
822 2429 988 2520 Μύρμηκος
1011 2428 1160 2521 ἀτραπός,
1194 2453 1276 2516 quoe
1306 2432 1518 2516 ahiyrmecis
1550 2431 1656 2497 herois
1679 2437 1785 2496 statua

437 2552 505 2617 sive
533 2554 672 2620 sacrario
703 2574 818 2619 nomen
847 2554 1005 2634 habehat,
1037 2554 1070 2619 in
1100 2552 1245 2619 confiniis
1275 2553 1439 2619 demotum
1469 2551 1588 2618 Thriae
1618 2557 1651 2617 et
1673 2551 1786 2616 Scam-

438 2672 627 2739 honidarum
651 2675 714 2741 sita
736 2681 815 2741 erat.
862 2674 981 2740 'lhriae
1004 2681 1112 2741 autem
1135 2675 1212 2760 pagi
1234 2675 1323 2739 locus
1346 2672 1496 2738 definitur
1518 2672 1629 2757 templi
1650 2673 1784 2738 Veneris

437 2794 598 2860 mentione
628 2816 648 2860 a
669 2795 834 2862 Pausania
862 2795 1001 2879 factal),
1036 2795 1122 2878 quod
1145 2794 1321 2878 Dionysius
1344 2793 1527 2878 Tryphonis
1550 2793 1571 2857 t'.
1605 2792 1639 2857 in
1662 2792 1785 2859 dceimo

438 2913 519 2979 libro
546 2913 614 3001 aspi
643 2913 797 3002 ὀνομάτων
828 2915 869 2981 ad
897 2915 1016 2982 Thriae
1046 2915 1175 2982 demum
1206 2914 1400 2999 pertinuisse
1429 2914 1551 2979 indicat
1585 2914 1712 2997 (Athen.
1742 2914 1785 2979 Vl

438 3056 470 3120 p.
497 3039 600 3117 2550).
648 3038 726 3103 Eam
756 3037 856 3122 igitur
877 3036 1046 3121 planitiem
1070 3035 1255 3121 occupavit,
1288 3054 1371 3118 quae
1393 3055 1414 3100 a
1436 3034 1582 3100 faucibus
1606 3036 1708 3100 saltus
1730 3055 1789 3120 per

437 3157 614 3240 Aegaleum
637 3157 705 3224 sive
725 3158 886 3224 Poecilum
910 3164 1048 3223 montem
1074 3156 1117 3222 ad
1139 3176 1226 3222 mare
1248 3155 1448 3222 Eleusinium
1470 3155 1583 3222 tendit.
1631 3155 1679 3221 Ihi
1702 3155 1786 3241 pris-

437 3276 482 3341 cis
511 3278 706 3362 temporibus
736 3279 932 3344 munimenta
961 3276 1061 3343 fuisse
1092 3276 1217 3342 rudium
1245 3277 1387 3363 lapidum
1413 3276 1493 3341 muri
1517 3275 1671 3361 Cyclopio
1693 3275 1786 3341 medo

436 3399 589 3464 exstructi
613 3399 708 3465 etiarn
739 3419 823 3464 nuuc
849 3399 1038 3464 ostendunt:
1069 3398 1150 3464 lines
1179 3417 1255 3463 vero
1284 3397 1368 3462 inter
1389 3395 1603 3462 Athenienses
1634 3403 1667 3462 et
1688 3397 1786 3462 Eleu-

436 3518 535 3584 sinios
565 3540 604 3585 ex
635 3508 799 3586 Paus'ania
827 3519 981 3585 discimus
1008 3539 1071 3584 non
1101 3518 1143 3584 ad
1173 3538 1213 3584 ea
1240 3517 1439 3584 munimenta
1464 3538 1546 3601 quae
1576 3517 1631 3583 ille
1660 3537 1785 3601 quoque

435 3639 525 3721 vidit,
552 3640 610 3706 sed
632 3641 675 3707 ad
697 3641 788 3707 lacus
804 3636 944 3714 ‘Parum
967 3639 1080 3705 fuisse.
1120 3638 1214 3705 Unde
1229 3639 1333 3723 ipsam
1349 3638 1439 3704 illam
1456 3634 1622 3725 Μύρμηκος
1638 3634 1782 3726 ἀτραπόν,

523 3834 540 3892 1ν
562 3833 641 3887 ldem
661 3829 795 3885 Hiclrsius
813 3831 866 3885 col.
887 3849 903 3884 a
922 3832 985 3885 nl
1010 3835 1093 3884 acute
1117 3830 1191 3884 Leos
1215 3844 1315 3883 nomen
1338 3827 1433 3882 herois
1455 3830 1585 3900 eponymi
1604 3830 1665 3884 eius
1684 3829 1783 3888 trihus.

435 3919 471 3972 ad
496 3934 578 3988 quam
605 3919 704 3973 demus
723 3917 974 3973 Scambooidarum
999 3915 1173 3986 pertinebat,
1201 3914 1357 3982 indagavit.
1396 3915 1462 3984 Ipsa
1486 3915 1574 3969 verha
1592 3913 1784 3969 Kirehholfius

434 4011 511 4058 recte
530 4006 683 4075 supplevit:
709 4005 749 4074 τῷ
766 4003 846 4069 riteh
865 4003 924 4073 βοῦν
943 4003 1042 4069 sillam
1060 4033 1095 4040 -
1113 4017 1204 4071 neque
1231 4002 1297 4056 inde
1322 4001 1448 4071 seqnitur
1469 4001 1583 4056 heroem
1602 4002 1630 4056 in
1649 4017 1722 4071 pago
1741 4018 1785 4056 sa-

434 4091 553 4144 crarium
571 4091 713 4145 hahuisse.

519 4176 538 4242 ²)
560 4175 593 4230 ld
612 4193 628 4231 e
646 4176 803 4232 Pausaniae
821 4175 845 4240 Ι,
865 4177 907 4238 38,
928 4176 943 4226 2
961 4176 1070 4231 verbis:
1097 4172 1213 4244 λέγουσιν
1237 4174 1265 4227 δὲ
1290 4173 1320 4228 od
1343 4174 1444 4235 πάντες,
1472 4172 1527 4225 ἀλλ’
1552 4172 1606 4227 ὅσον
1629 4177 1674 4226 τοῦ
1699 4172 1783 4244 δήμου

433 4267 477 4315 τοῦ
498 4260 690 4332 Σκαμβωνιδῶν
713 4261 775 4314 elota
799 4262 930 4316 concludi
953 4277 1037 4331 pesse
1062 4260 1292 4316 Wachsmuthius
1315 4277 1343 4329 p.
1365 4262 1414 4312 354
1434 4277 1460 4313 n.
1482 4261 1497 4311 3
1517 4260 1623 4314 docuit.
1662 4257 1700 4314 el.
1720 4260 1783 4315 Gall

434 4347 564 4418 s'tr'nerury
583 4351 618 4420 os
635 4351 734 4402 Greece
751 4363 779 4417 p.
796 4350 835 4403 19.

517 4436 538 4498 ³)
560 4435 591 4490 C.
611 4433 632 4489 Ι.
654 4432 690 4488 Α.
710 4434 752 4488 III
771 4438 800 4487 til
823 4433 850 4488 Α
869 4435 906 4498 II,
927 4436 969 4485 ao.
991 4435 1032 4485 27.
1071 4432 1220 4502 Oprmcimlal
1243 4434 1305 4506 πρὸς
1323 4441 1360 4485 τῶ
1378 4429 1513 4503 Μύρμηκα.

519 4522 537 4585 ⁴2
560 4522 636 4576 Haec
656 4526 768 4590 sumpta
786 4527 851 4576 sunt
868 4536 884 4574 e
903 4520 1009 4575 scholio
1028 4521 1066 4575 ad
1083 4519 1308 4575 Arist'Thesm.
1329 4534 1402 4575 vers.
1427 4522 1489 4571 lte:
1517 4519 1598 4573 cuins
1616 4519 1671 4573 loei
1690 4533 1784 4575 verum

433 4608 649 4676 explicationem
673 4607 854 4662 scholiastam
873 4606 909 4660 ad
929 4605 956 4659 h.
977 4607 995 4658 l.
1037 4604 1124 4670 (Surid.
1145 4622 1169 4661 s.
1189 4622 1217 4658 v.
1238 4605 1374 4677 μύρμηκος
1393 4603 1529 4674 ἀτραπούς)
1557 4619 1696 4669 servasse,
1722 4620 1784 4658 eum

435 4695 568 4766 hesychii
586 4695 683 4762 glossa
701 4709 717 4748 e
736 4709 808 4749 vana
827 4693 974 4748 doctrinae
993 4692 1185 4747 ostentatione
1204 4698 1267 4748 ortu
1285 4694 1332 4757 sit,
1353 4708 1435 4762 quam
1453 4692 1538 4746 etiam
1552 4692 1622 4747 ibid.
1638 4708 1660 4746 s.
1674 4709 1702 4746 v.
1718 4709 1784 4762 μορ-

433 4782 524 4852 μήκων
543 4779 612 4835 toul·
644 4778 771 4850 Ἀθήνησι
788 4778 866 4837 τόπος
885 4778 1095 4847 deprehendes,
1117 4778 1186 4833 nihil
1205 4779 1338 4840 interest,
1367 4778 1519 4832 dummodo
1542 4792 1611 4833 vera
1635 4776 1691 4832 sint
1713 4791 1786 4846 quse

431 4867 535 4922 tradita
554 4871 632 4931 errut;
661 4867 690 4921 id
716 4866 791 4935 quod
817 4864 917 4920 titulus
935 4864 1092 4920 confirmat.
1118 4895 1152 4903 -
1177 4866 1220 4918 De
1239 4864 1379 4935 Myrmece
1398 4861 1433 4917 cf.
1456 4864 1541 4917 etiem
1560 4864 1644 4918 Phot.
1664 4880 1687 4918 s.
1708 4881 1735 4918 v.
1756 4867 1785 4917 et

433 4954 568 5024 Harpoer.
589 4969 611 5007 s.
632 4970 659 5009 v.
681 4948 789 5022 hishis-q.

517 5037 806 5103 ⁵}Paus.1,3r,o.
844 5036 918 5092 Vide
942 5043 1103 5092 decurtatam
1128 5037 1224 5105 templi
1249 5038 1429 5108 locorumque
1454 5036 1711 5092 circumiacentium
1737 5036 1786 5090 de

430 5125 612 5197 scriptionem
631 5130 660 5180 et
679 5123 897 5179 delineationem
916 5123 992 5192 apud
1010 5123 1138 5178 Curtium
1156 5124 1235 5177 Atlas
1254 5122 1325 5178 Vlll
1344 5125 1359 5172 ³
1377 5139 1404 5193 p.
1426 5125 1467 5176 aa.
1489 5125 1531 5175 31.
