4118 6240
455 621 515 682 154
1007 617 1053 672 W.
1073 617 1240 674 GURLITT

456 807 576 892 Colytti
599 813 632 872 et
652 806 782 873 Melitae
794 810 812 892 ¹]
839 827 917 873 non
940 807 1004 874 sint
1027 807 1102 874 certi
1125 808 1271 890 termini,
1296 808 1386 874 velut
1407 808 1575 874 columnae
1597 814 1654 873 aut
1675 812 1796 891 saepta,

453 927 487 993 id
509 934 633 994 tanturn
655 928 763 994 dicere
784 947 966 1012 possumus,
992 928 1044 994 hic
1067 937 1116 995 est
1138 929 1295 1014 Colyttus,
1320 929 1401 995 haec
1424 937 1474 995 est
1494 929 1621 1007 Melite;
1646 926 1799 993 terminos

453 1047 634 1132 significare
656 1068 719 1113 non
742 1068 922 1133 possumus.
971 1050 1018 1115 Aa
1039 1056 1210 1134 propterea
1232 1068 1331 1134 saepe
1352 1049 1425 1116 lites
1449 1049 1610 1131 incidunt,
1642 1046 1799 1132 quemad-

453 1167 582 1234 modum
605 1168 851 1235 Lacedaemonii
873 1188 945 1234 curn
968 1169 1098 1253 Argivis
1120 1169 1161 1234 de
1183 1169 1330 1254 Thyrea,
1362 1170 1579 1238 Athenienses
1601 1190 1672 1236 cum
1696 1169 1800 1234 Boco-

452 1289 506 1354 tiis
535 1287 576 1355 de
599 1289 705 1375 Oropo
734 1289 1028 1373 disceptavemnt':
1062 1289 1186 1356 scilicet
1215 1312 1278 1356 nou
1305 1291 1379 1356 ideo
1402 1291 1681 1376 disceptaverunt,
1713 1287 1798 1373 quod

452 1409 658 1491 nesciebant,
691 1429 775 1494 quae
797 1409 1139 1492 Lacedaemoniorum,
1173 1431 1256 1495 qaae
1278 1412 1468 1496 hrgivomm
1494 1419 1581 1478 terra
1606 1417 1710 1491 esset,
1742 1407 1799 1475 sed

453 1529 530 1615 quia
551 1550 719 1615 regnorum
742 1530 823 1596 fines
845 1551 908 1596 non
931 1531 1027 1597 certis
1050 1533 1195 1610 terminis
1223 1527 1337 1619 (ὅροις),
1365 1541 1399 1598 ut
1421 1533 1502 1617 agri,
1533 1531 1796 1598 determinantur.

454 1650 576 1730 Quodsi
599 1651 823 1718 Eratosthenis
846 1651 1048 1733 sententiam,
1074 1672 1169 1735 quarn
1193 1654 1309 1719 Strabo
1331 1652 1530 1719 decurtatam
1554 1651 1695 1732 tradidit,
1722 1670 1800 1735 sup-

446 1773 543 1857 plere
572 1773 736 1855 volumus,
769 1771 851 1838 haec
879 1771 946 1838 iere
975 1771 1126 1838 addenda
1148 1781 1238 1840 suut:
1276 1774 1342 1840 ‘sio
1364 1775 1460 1840 etiam
1484 1773 1590 1840 dicere
1612 1791 1794 1858 possumus,

454 1893 534 1959 hacc
556 1900 607 1959 est
628 1892 722 1973 Asia,
749 1893 829 1959 haec
853 1900 903 1959 cst
923 1894 1064 1978 Europa,
1090 1893 1147 1961 sed
1171 1901 1272 1960 oertos
1295 1895 1449 1960 tenninos
1471 1914 1613 1980 pangere
1635 1914 1700 1959 non
1722 1910 1798 1977 pos-

454 2032 565 2079 sumus
588 2033 648 2080 nea
671 2013 856 2099 prohibere,
888 2014 1058 2096 quominus
1080 2015 1184 2080 altera
1206 2015 1372 2081 continens
1395 2022 1518 2100 partem
1541 2014 1675 2081 alterius
1697 2012 1739 2078 ad
1762 2033 1797 2079 se

452 2133 577 2216 trahat,
616 2141 652 2200 ut
684 2153 785 2218 regna
820 2154 904 2218 quac
940 2134 1129 2201 nominavi'.
1182 2135 1234 2201 Sic
1265 2136 1392 2200 demam
1427 2136 1511 2201 inter
1543 2155 1577 2201 se
1611 2134 1794 2215 cohaerent,

452 2275 535 2339 quae
565 2255 796 2321 Eratosthenes
825 2255 979 2337 loquitur;
1012 2275 1107 2339 quem
1137 2255 1254 2322 Strabo
1283 2276 1316 2339 p.
1343 2260 1383 2320 66
1413 2257 1511 2321 nimio
1542 2251 1799 2341 reprehendendi

453 2375 558 2442 studio
586 2383 760 2442 commotus
790 2375 930 2442 maxime
958 2376 1065 2442 verbis
1099 2372 1169 2441 ‘hid
1198 2373 1251 2450 τὰς
1280 2382 1339 2440 τῶν
1366 2371 1445 2464 ’ὅρων
1469 2374 1604 2464 diocia&
1629 2395 1797 2462 perperam

452 2495 588 2564 adiectis
611 2517 709 2565 sensu
731 2518 825 2565 cassa
847 2496 1005 2564 dicentem
1029 2497 1116 2564 lacit.

540 2619 577 2684 In
607 2618 674 2684 illis
703 2619 800 2703 igitur
827 2615 962 2706 ὁρισμοῖς
990 2623 1042 2703 τῆς
1072 2615 1188 2692 πόλεως
1211 2639 1274 2685 ιιοιι
1296 2627 1362 2685 tarn
1385 2618 1466 2684 fines
1488 2618 1686 2702 singularum
1710 2617 1798 2683 urhis

452 2737 618 2822 regionum
648 2739 820 2825 explicati,
859 2760 954 2822 quam
988 2759 1070 2823 quac
1104 2739 1251 2822 singulae
1285 2739 1432 2823 regiones
1466 2740 1669 2806 continerent
1696 2737 1793 2819 vicos,

452 2858 543 2942 fana,
569 2859 720 2926 aedificia
739 2860 821 2943 aha,
848 2866 1034 2925 enumerata
1056 2868 1158 2926 erant.
1205 2861 1306 2943 idque
1332 2861 1428 2926 etiam
1453 2859 1629 2925 scholiasta
1650 2860 1676 2925 l.
1699 2859 1720 2923 l.
1746 2858 1798 2924 iu-

451 2979 538 3060 nuit,
571 2999 642 3046 oum
672 2980 777 3046 dieat:
812 2978 929 3065 Μελίτη
959 2976 1018 3067 γὰρ
1046 2986 1104 3045 πᾶν
1135 2985 1248 3063 ἐκεῖνο,
1282 2984 1344 3046 noa
1373 2981 1454 3046 fines
1476 2979 1617 3064 regionis
1640 2979 1794 3064 referens,

451 3099 510 3166 sed
539 3100 648 3166 omnia
677 3121 718 3167 ea
744 3101 833 3182 loca,
873 3100 914 3167 de
942 3101 1058 3185 quihus
1089 3101 1213 3185 agitur,
1253 3103 1286 3167 in
1316 3102 1457 3186 regionis
1484 3101 1616 3168 Melitae
1650 3100 1796 3186 descrip

450 3222 537 3289 tione
558 3222 717 3288 recenseri
740 3221 916 3287 affirmans.
964 3223 1076 3306 ltaque
1099 3223 1239 3306 libellus,
1266 3224 1391 3306 dequo
1414 3223 1591 3306 loquimur,
1624 3223 1719 3308 plane
1742 3241 1799 3287 co-

451 3341 525 3409 dem
547 3343 642 3414 modo
664 3342 871 3408 concinnatas
887 3350 966 3426 erat,
985 3364 1046 3427 quo
1062 3346 1207 3409 Romana
1226 3345 1354 3410 ‘notitia
1371 3344 1536 3429 regionum
1552 3343 1640 3409 urbia
1656 3343 1745 3408 XlV'
1757 3346 1792 3424 ll.

538 3465 629 3543 Quae
658 3463 686 3529 si
716 3470 800 3530 recte
822 3462 987 3549 disputata
1009 3473 1101 3547 sunt,
1134 3465 1231 3532 etiarn
1254 3466 1330 3531 urbs
1353 3464 1550 3531 Athenarum
1573 3484 1678 3547 aeque
1700 3471 1797 3547 atque

451 3605 491 3651 ea
513 3604 607 3669 quam
630 3604 730 3669 supra
751 3584 987 3652 nominavimus
1009 3584 1208 3672 Τετρακωμία
1230 3593 1316 3652 erat:
1342 3594 1427 3652 certe
1449 3586 1560 3672 plures
1582 3606 1678 3668 quarn
1702 3592 1797 3668 quat-

451 3711 521 3771 tuor
543 3701 648 3790 κώμας
670 3705 703 3770 in
726 3706 803 3771 urhe
825 3705 926 3772 fuisse
948 3706 1090 3772 nondum
1113 3707 1364 3774 demonstratum
1387 3713 1448 3773 est.
1480 3707 1530 3772 De
1552 3707 1652 3772 sacris
1675 3712 1792 3789 autem,

451 3846 534 3909 quae
556 3825 631 3892 huic
652 3831 762 3912 κωμῶν
786 3827 997 3892 communioni
1019 3827 1148 3912 propria
1171 3836 1280 3911 erant,
1312 3828 1343 3892 h.
1369 3828 1392 3893 l.
1418 3847 1571 3911 quaerere
1597 3827 1726 3911 distuli,
1753 3827 1795 3893 ad

450 3947 645 4033 propositum
668 3946 839 4014 rediturus.

536 4069 606 4134 lam
628 4067 767 4134 vidimus
790 4068 939 4151 regiones
962 4069 1049 4135 urbis
1072 4091 1092 4134 a
1113 4068 1216 4136 demis
1240 4071 1368 4153 quidem
1392 4091 1507 4136 nomen
1529 4070 1711 4154 accepisse,
1737 4068 1797 4136 sed

452 4190 570 4254 iactum
594 4209 696 4272 csse,
720 4197 754 4255 ut
780 4190 929 4273 singulae
951 4190 1101 4275 regiones
1123 4212 1186 4256 uon
1209 4193 1303 4258 modo
1326 4212 1441 4272 unum,
1475 4191 1532 4257 scd
1555 4193 1664 4278 plures
1685 4191 1795 4258 (lemos

451 4310 748 4395 complecterentur.
780 4310 851 4390 Qua
872 4309 906 4374 in
928 4331 963 4376 re
985 4310 1062 4394 quid
1085 4311 1232 4396 primunr,
1259 4312 1337 4396 quid
1360 4312 1535 4378 secundnm
1558 4312 1664 4395 fuerit,
1691 4321 1795 4379 annm

450 4431 536 4497 demi
564 4431 618 4515 qui
647 4431 712 4496 iarn
742 4436 891 4497 extarent
915 4431 949 4496 in
972 4431 1117 4516 singulas
1140 4433 1229 4499 urhis
1252 4434 1399 4517 regiones
1422 4433 1581 4499 distributi
1605 4434 1680 4515 sint,
1713 4454 1795 4517 quae

450 4576 471 4618 a
493 4551 606 4638 potiori
629 4572 744 4619 nomen
767 4553 959 4636 acceperint,
985 4574 1027 4618 an
1050 4560 1163 4639 postea
1186 4553 1325 4637 demum,
1350 4555 1497 4621 fortassis
1519 4575 1591 4620 enm
1613 4555 1795 4621 Clisthenes

537 4813 554 4874 ¹)
576 4812 665 4866 adde:
685 4812 726 4867 ita
744 4812 829 4867 ctiam
848 4813 1061 4866 continentium.
1092 4810 1232 4882 Ao'patot
1245 4816 1342 4869 domos
1355 4831 1490 4886 uusqtraru
1504 4815 1611 4884 saeptis
1634 4813 1792 4884 (περιβόλοιςζ

397 4891 403 4900 “
448 4898 639 4952 circumdatos
657 4896 753 4952 irrisae.

535 4984 554 5050 ἦ
577 4985 714 5039 Iordanus
737 4983 920 5055 thopropht'e
939 4986 986 5038 cler
1005 4984 1085 5037 Stude
1105 4986 1174 5037 Rom
1194 4984 1230 5038 ιἠι
1249 4986 1404 5040 Alcathous
1423 4986 1449 5040 II
1468 5004 1494 5060 p.
1516 4990 1566 5039 540
1579 5004 1621 5062 sq.
1659 4985 1702 5043 Cf.
1724 5002 1795 5059 quae

448 5068 608 5140 disputavit
625 5069 700 5124 idem
719 5086 745 5142 p.
763 5071 772 5120 l
790 5086 832 5142 sq.
