4444 6392
520 1682 591 1780 ou
624 1683 966 1784 ouououocro
999 1616 1275 1784 olnluuo
1307 1685 1527 1784 unnim

952 1910 1088 1954 somnam·

767 2049 963 2122 cuculos
986 2051 1273 2124 wlcflsiiliuli

969 2231 1073 2241 ..——

435 2387 586 2454 Fatorum
602 2387 645 2468 vi,
672 2385 798 2470 collega
812 2384 1030 2466 dilectissime,
1049 2384 1139 2449 ΤΙΒΙ
1154 2403 1232 2470 prae
1247 2385 1362 2450 ceteris
1378 2391 1522 2452 notomm
1539 2385 1692 2471 Gottinga

349 2515 469 2575 tractus
491 2507 753 2592 Heidelbergam,
779 2505 814 2572 id
836 2513 886 2578 est
913 2508 957 2588 (ut
972 2505 1038 2571 alia
1052 2525 1155 2588 eaque
1169 2505 1269 2572 multo
1284 2507 1433 2590 graviora
1447 2527 1532 2574 nunc
1553 2508 1687 2592 mittam)

350 2651 390 2696 ox
413 2629 491 2695 urbe
513 2629 604 2696 libris
626 2627 874 2695 affluentissima
895 2627 929 2693 in
951 2627 1111 2693 litteratae
1133 2627 1344 2712 supellectilis
1366 2627 1508 2712 inopiam
1531 2627 1618 2694 haud
1644 2629 1692 2694 le-

349 2771 433 2834 vem,
459 2751 587 2837 propria
609 2755 718 2816 tamen
740 2769 779 2816 ea
802 2747 898 2822 lauds
920 2748 1124 2832 aliquatenus
1146 2767 1197 2814 me
1213 2748 1395 2814 consolatus
1410 2767 1492 2832 som,
1518 2769 1613 2832 quam
1631 2749 1692 2814 sihi

349 2870 493 2938 vindicat
520 2871 714 2938 bibliotheca
734 2869 895 2935 Palatina.
943 2867 1095 2935 Codicum
1126 2869 1211 2935 enim
1234 2867 1428 2935 Graecorum
1455 2876 1487 2936 et
1508 2870 1691 2936 Latinorum

349 2993 510 3082 qnondam
540 2992 586 3058 ibi
615 2997 850 3058 asservatorum
880 2989 1027 3074 quamvis
1054 2990 1155 3056 maior
1179 3009 1254 3076 pars
1277 2990 1459 3057 etiamnunc
1479 2991 1512 3056 in
1535 2991 1692 3058 Vaticana

350 3115 475 3198 exulet,
507 3114 592 3180 inter
621 3131 676 3180 eor
706 3117 813 3178 tamen
841 3111 958 3195 quihus
988 3118 1060 3196 post
1088 3119 1133 3178 tot
1161 3111 1346 3178 discrimina
1368 3131 1473 3178 rerum
1496 3113 1691 3198 recuperatis

349 3234 586 3318 Heidelbergae
608 3233 654 3300 uti
677 3233 753 3299 lieet
774 3233 933 3302 habentur
953 3230 1041 3298 haud
1062 3233 1157 3319 pauoi
1179 3232 1361 3318 dignissimi
1382 3233 1438 3317 qui
1453 3233 1691 3300 accuratissime

349 3355 567 3438 excutiantur,
601 3354 747 3420 nonnulli
769 3355 821 3419 vel
844 3353 946 3437 unici,
979 3347 1151 3436 eorumque
1174 3355 1284 3440 copiae
1307 3361 1382 3422 sunt
1403 3353 1610 3420 minimedum
1634 3375 1692 3422 ex-

349 3477 501 3542 haustae:
527 3475 574 3542 ito
588 3481 623 3542 ut
637 3475 698 3541 hao
713 3476 827 3542 saltem
847 3495 888 3542 ex
902 3481 994 3562 parte
1011 3473 1231 3560 Gottingensis
1246 3475 1451 3542 mediocritas
1467 3477 1563 3560 longe
1578 3477 1691 3559 longe-

349 3617 411 3682 que
433 3596 520 3682 apud
543 3615 601 3662 nos
624 3602 801 3682 superetur.
841 3595 935 3661 Diem
957 3596 1056 3680 igitur
1077 3597 1218 3662 natalem
1241 3597 1330 3662 ΤΙΒΙ
1353 3597 1626 3682 septuagesimum
1650 3617 1691 3663 ex

349 3719 447 3784 animi
469 3716 628 3784 sententia
649 3716 965 3800 congratulabundus
988 3715 1073 3782 unde
1095 3717 1364 3800 commentationi,
1390 3738 1486 3800 quam
1505 3717 1549 3782 ad
1564 3718 1631 3798 ΤΕ,
1658 3725 1692 3783 ut

349 3838 425 3905 olim
447 3836 490 3903 ad
512 3838 552 3917 Q.
570 3837 763 3905 Caerelliam
780 3836 974 3904 Censorinus
997 3836 1143 3903 libellum
1167 3857 1270 3920 suum,
1301 3837 1459 3904 ‘natalicii
1475 3837 1579 3904 titulo'
1603 3837 1687 3922 misi,

348 3959 633 4027 commendationis
654 3957 778 4042 aliquid
799 3956 980 4025 adsciscam
1002 3957 1065 4023 nisi
1088 3979 1128 4024 ex
1151 3957 1212 4024 hoo
1234 3958 1304 4044 ipso
1326 3958 1477 4024 thesauro
1500 3958 1670 4025 Palatino?

434 4080 567 4165 Legitur
595 4101 671 4146 vero
699 4079 733 4146 in
761 4079 870 4146 codice
892 4079 1039 4146 Palatino
1062 4078 1186 4146 Graeco
1215 4100 1345 4145 numero
1369 4083 1430 4145 356
1454 4079 1581 4164 signato
1608 4081 1692 4164 (sae-

349 4202 412 4268 ouli
434 4201 543 4286 XIV),
576 4221 671 4285 quem
694 4201 770 4267 olim
792 4199 936 4286 possedit
956 4200 1114 4266 Arsenius
1126 4203 1145 4284 ¹)
1179 4201 1349 4286 episcopus
1371 4200 1621 4282 Monembasiae,
1656 4207 1690 4266 ut

348 4321 478 4410 propria
506 4343 603 4388 manu
632 4322 666 4388 in
695 4322 795 4408 primo
824 4320 900 4387 lolio
930 4319 1050 4387 codicis
1079 4320 1251 4406 adscripsit
1279 4317 1313 4386 τὸ
1335 4317 1429 4408 παρὸν
1454 4321 1567 4408 βιβλίον
1590 4327 1690 4408 κτῆμα

349 4447 427 4510 ἐστιν
451 4440 589 4532 ἀρσενίου
611 4446 663 4509 τοῦ
687 4443 906 4530 μονεμβασίας,
939 4441 1015 4508 iude
1045 4441 1164 4508 afolio
1191 4444 1250 4506 152
1273 4461 1365 4508 verso
1388 4461 1490 4525 usquc
1513 4442 1555 4508 ad
1577 4441 1688 4508 folium

352 4569 410 4629 155
434 4571 556 4631 rectum
577 4564 819 4649 gnomologium
842 4563 1010 4629 anemius
1033 4563 1206 4647 cognitum.

434 4686 533 4754 Cuius
555 4685 729 4770 singularis
751 4684 853 4752 virtus
874 4704 1077 4767 nequaquam
1101 4704 1138 4750 eo
1161 4683 1310 4765 comitur,
1337 4683 1421 4768 quod
1443 4684 1604 4752 contineat
1618 4705 1691 4771 por-

436 4930 451 4992 ¹l
474 4929 598 4998 Expedit
615 4927 668 4982 hoc
686 4928 832 4991 adnotare,
854 4927 920 4996 quia
937 4943 971 4981 ox
990 4925 1043 4982 hoc
1062 4926 1160 4980 codice
1172 4925 1301 4982 Palatino
1319 4927 1506 4996 probabiliter
1523 4927 1606 4996 potiit
1623 4943 1691 4982 non-

347 5018 425 5072 nulla
443 5017 479 5072 ad
498 5015 634 5072 violatum
652 5030 732 5070 suum
745 5014 910 5077 ornandum,
931 5013 1037 5082 paritor
1048 5019 1133 5084 atquin
1146 5012 1310 5067 adhibuisse
1323 5012 1492 5067 iudicandus
1505 5019 1550 5068 ost
1562 5013 1688 5067 codicem

347 5103 594 5158 vindobonensem
608 5099 694 5156 theol.
709 5097 825 5154 cxcix
838 5099 931 5162 Ness,
953 5098 1047 5154 XGlll
1061 5099 1219 5163 humbeca,
1241 5114 1323 5168 quom
1342 5114 1357 5152 o
1375 5096 1457 5151 libris
1471 5095 1581 5152 Araunii
1602 5096 1690 5154 luisse

347 5205 436 5260 nuper
454 5194 576 5244 testatus
594 5192 638 5241 est
657 5185 782 5240 Dilosius
800 5183 870 5240 llus.
891 5183 981 5240 Rhcn.
1003 5183 1098 5238 xxix
1116 5201 1143 5254 p.
1167 5185 1214 5235 111
1228 5199 1269 5252 sq.
