4118 6240
445 618 504 678 104
1017 612 1049 666 E.
1070 613 1211 666 HILLEB

444 805 550 876 κλέους
578 806 642 868 κτλ.
673 804 755 869 Prin.
781 811 848 869 nat.
875 803 950 870 hist.
976 802 1136 867 XXIIII
1167 825 1263 865 αεννια
1291 825 1385 866 com
1407 801 1529 866 Pericli
1549 800 1788 864 Acherusium

442 925 596 1009 ριήνιοήυί,
632 947 701 997 cum
723 925 751 988 is
772 925 806 988 ιἰι
828 948 900 989 arce
924 924 1072 1008 templum
1094 922 1276 1007 oedficoret
1297 922 1505 1006 repsissetque
1526 944 1621 1004 super
1642 922 1788 986 altitudi-

442 1070 512 1111 nem
531 1046 654 1133 sasir‘yi
681 1055 711 1110 τί
739 1045 811 1110 iude
841 1045 1003 1110 cecidisset
1023 1069 1051 1109 e.
1076 1070 1106 1132 q.
1132 1067 1158 1108 s.
1206 1043 1313 1109 Laert.
1339 1043 1388 1107 IX
1411 1045 1452 1107 82
1482 1043 1568 1108 Θέων
1595 1037 1624 1107 δ’
1650 1039 1666 1108 ‘o
1689 1041 1796 1108 Τιθυ-’

444 1165 545 1254 ραιεύς
567 1164 583 1232 ὃ
606 1163 730 1240 στωικός
760 1163 946 1252 κοιμώμενος
974 1161 1147 1252 περιεπάτει
1175 1166 1207 1229 ἐν
1230 1168 1273 1251 τῷ
1294 1155 1378 1250 όπνιρ
1400 1164 1452 1229 καί
1477 1163 1660 1252 Περικλέους
1682 1167 1788 1239 δοῦλος

442 1285 491 1356 ἐπ’
518 1281 612 1377 ἀκρου
634 1293 686 1354 τοῦ
708 1288 823 1373 τέγους.

497 1555 500 1561 ’
528 1548 631 1613 XVII.
657 1546 775 1613 Athen.
793 1547 874 1611 XIII
896 1567 928 1631 p.
948 1547 1052 1610 602A
1075 1541 1254 1632 Ἱερώνυμος
1278 1545 1311 1610 δέ
1333 1543 1349 1611 δ
1372 1543 1600 1632 περιπατητικὸς
1622 1572 1787 1634 περισπου-

444 1665 570 1742 δάστους
600 1666 674 1756 φησί
700 1669 842 1754 γενέσθαι
870 1663 938 1741 τοός
968 1670 1024 1731 τῶν
1053 1666 1167 1732 παίδων
1191 1667 1321 1754 ἔρωτας,
1353 1658 1400 1732 ότι
1421 1663 1564 1741 πολλάκις
1587 1664 1607 1753 {q
1631 1673 1689 1733 τῶν
1712 1671 1788 1735 νέων

445 1786 524 1876 ἀκμή
548 1787 654 1854 καὶτὸ
677 1785 749 1876 πρὸς
772 1785 921 1874 ἀλλήλους
944 1785 1093 1875 ἑταιρικόν
1117 1792 1331 1876 συμφρονῆσαν
1346 1783 1460 1862 πολλάς
1481 1788 1607 1871 (oblitus
1624 1795 1673 1855 est
1687 1790 1790 1857 Athe·
1827 1849 1829 1854 .

444 1930 546 1977 naeus
568 1917 666 1976 antea
694 1906 838 1983 πολλάκις
868 1909 1006 1994 positum
1031 1929 1120 1990 esse3
1154 1930 1196 1974 an
1218 1909 1284 1992 leg.
1308 1899 1414 1993 όλαςί)
1446 1910 1622 1996 τυραννίδας
1650 1913 1784 1976 καθεῖλε.

442 2035 589 2098 παιδικῶν
625 2031 747 2116 (παίδων
771 2031 856 2113 eod.,
889 2051 951 2096 em.
977 2028 1274 2114 Schweighaeuser)
1308 2026 1366 2116 γάρ
1394 2026 1549 2117 παρόντων
1579 2028 1708 2118 ἐραστής
1729 2039 1788 2098 παν

442 2151 540 2220 δτιυυν
569 2149 661 2218 ἕλοιτ’
695 2146 732 2218 ἀν
761 2154 869 2217 παθεῖν
892 2145 912 2237 ή
936 2153 1037 2216 δειλοῦ
1068 2146 1154 2223 δόξαν
1184 2146 1409 2238 ἀπενέγκασθαι
1437 2148 1519 2239 παρὰ
1542 2154 1602 2226 τοῖς
1623 2157 1785 2228 παιδικοῖς.

422 2276 522 2363 ’ἔργῳ
544 2280 614 2362 γοῦν
637 2278 723 2339 τοῦτο
746 2274 856 2346 ἔδειξεν
880 2269 895 2338 δ
916 2269 1093 2360 συνταχθεὶς
1109 2269 1245 2360 Θήβησιν
1262 2268 1318 2338 ὑπὸ
1338 2269 1582 2358 Ἐπαμεινώνδου
1599 2269 1676 2360 ίερός
1697 2271 1788 2362 λόχος

447 2395 498 2480 (of.
523 2396 606 2462 Plut.
631 2396 743 2480 Pelop.
772 2398 810 2459 18
826 2415 874 2477 sq.
901 2394 996 2461 Diod.
1023 2395 1086 2459 XII
1111 2398 1162 2458 70.
1193 2393 1268 2459 Ath.
1295 2393 1376 2458 XIII
1398 2415 1431 2478 p.
1457 2398 1516 2458 561
1543 2395 1581 2458 F.
1606 2396 1788 2480 Polyaenus

441 2517 472 2581 II
495 2522 525 2597 ὃ,
555 2519 602 2602 ί),
635 2515 687 2581 καί
710 2511 726 2580 ό
748 2512 826 2581 κατά
851 2514 1105 2603 Πεισιστρατιδῶν
1129 2512 1259 2588 θάνατος
1282 2509 1339 2579 ὑπὸ
1355 2510 1514 2601 Ἁρμοδίου
1537 2516 1588 2581 καί
1608 2511 1787 2603 Ἀριστογεί-

440 2661 525 2710 τονος
553 2635 712 2724 γενόμενος
746 2637 837 2721 (haee
865 2657 992 2721 quoque
1015 2635 1199 2703 Athenaeus
1227 2635 1299 2720 ipse
1328 2636 1552 2720 neglegentius
1579 2638 1790 2722 exscripsisse

441 2757 599 2842 videtur)·
632 2758 700 2846 περί
716 2758 856 2823 Σικελίαν
880 2753 908 2822 δ’
936 2759 968 2822 ἐν
987 2752 1165 2845 Ἀκράγαντι
1188 2753 1395 2843 δΧαρίτωνος
1418 2756 1470 2822 καί
1486 2755 1685 2823 Μελανίππου
1706 2759 1789 2847 (ἔρως

440 2878 517 2945 add.
536 2878 849 2964 Schweighaeuser).
896 2874 1090 2953 Μελάνιππος
1113 2875 1143 2944 δ’
1169 2869 1206 2964 ήν
1228 2875 1266 2944 τὰ
1286 2874 1428 2961 παιδικά,
1456 2870 1497 2952 ὥς
1519 2904 1610 2966 φησιν
1623 2875 1789 2967 Ἡρακλεί-

442 3003 496 3085 δης
518 2995 703 3073 δ’Πυντικός
725 3001 757 3064 ἐν
779 3004 822 3087 τῷ
843 3000 911 3087 περί
935 3003 1094 3087 ἐρωτικῶν.
1143 2993 1225 3065 οὗτοι
1247 2999 1390 3087 φανέντες
1412 2995 1655 3087 ἐπιβουλεύοντες
1677 2986 1788 3068 Φαλά-

443 3124 503 3206 ριδι
525 3119 575 3185 καί
599 3117 828 3209 βασανιζόμενοι
851 3116 1089 3207 ἀναγκαζόμενοί
1117 3145 1149 3186 τε
1172 3121 1270 3207 λέγειν
1300 3116 1368 3194 τυός
1392 3117 1562 3195 συνειδότας
1585 3118 1732 3208 υόμόνον
1756 3121 1791 3190 οὐ

442 3243 592 3323 κατεῖπον,
627 3237 706 3308 ἀλλά
736 3241 787 3307 καί
817 3238 866 3307 τόν
889 3237 1027 3329 Φάλαριν
1051 3238 1139 3306 αὐτόν
1163 3243 1206 3316 είς
1234 3241 1319 3307 ἔλεον
1341 3247 1400 3306 τῶν
1430 3238 1569 3329 βασάνων
1591 3236 1722 3330 ήγαγον,
1749 3240 1791 3318 ὡς

443 3359 592 3428 ἀπολῦσαι
620 3359 726 3436 αὐτοὺς
755 3360 854 3428 πολλὰ
884 3363 1098 3429 ἐπαινέσαντα·
1125 3361 1170 3428 διὸ
1193 3363 1245 3428 καί
1268 3358 1453 3429 δἈπόλλων
1478 3360 1583 3450 ήσθείς
1606 3364 1655 3430 έπί
1676 3361 1791 3440 τούτοις

442 3480 593 3571 ἀναβολήν
616 3489 668 3549 τοῦ
690 3479 824 3549 θανάτου
845 3489 888 3572 τῷ
911 3480 1064 3571 Φαλάριδι
1084 3486 1261 3571 ἐχαρίσατο,
1285 3488 1372 3550 τοῦτο
1394 3480 1531 3572 ἐμφήνας
1552 3488 1615 3559 τοῖς
1636 3488 1789 3554 πυνθανο-

443 3592 543 3692 μένοις
564 3609 617 3692 τής
641 3605 759 3678 Πυθίας
780 3598 861 3679 ’όπως
891 3601 973 3692 αὐτῷ
1001 3607 1180 3670 ἐπιθῶνται·
1205 3604 1319 3692 ἔχρησέ
1341 3629 1373 3671 τε
1395 3604 1447 3671 καί
1471 3603 1541 3693 περί
1560 3611 1619 3672 τῶν
1643 3604 1720 3695 ἀμφὶ
1742 3606 1791 3674 τόν

441 3725 624 3814 Χαρίτωνα,
656 3721 805 3813 προτάξας
833 3728 885 3791 τοῦ
915 3727 1078 3814 ἑξαμέτρου
1108 3721 1141 3790 τό
1170 3721 1387 3812 πεντάμετρον,
1419 3724 1559 3815 καθάπερ
1588 3719 1710 3816 ὕστερον
1741 3728 1791 3795 καί

444 3843 598 3921 Διονόσιος
627 3844 643 3912 ό
664 3843 822 3933 Ἀθηναῖος
844 3849 983 3934 ἐποίησεν
1006 3844 1022 3914 ‘o
1046 3844 1219 3933 ἐπικληθείς
1248 3850 1382 3933 χαλκοῦς
1404 3849 1435 3913 ἐν
1458 3850 1520 3952 τοῖς
1543 3850 1703 3937 ἐλεγείοις.
1728 3850 1792 3916 ἔστι

441 3968 477 4035 δέ
499 3967 515 4035 ‘o
537 3967 673 4057 χρησμός
692 3960 765 4035 όδε·

801 4085 952 4175 εὐδαίμων
974 4088 1117 4177 Χαρίτων
1139 4086 1190 4154 καί
1213 4085 1406 4163 Μελάνιππος
1429 4089 1504 4177 ἔφυ,

759 4192 845 4267 θείας
867 4189 1016 4281 ἁγητῆρες
1038 4194 1214 4281 ἐφαμερίοις
1237 4188 1433 4280 φιλότατος·Ὶ

445 4311 593 4402 διαβόητα
624 4312 651 4380 δ’
687 4311 749 4380 ἐστὶ
776 4317 840 4379 κτλ.
876 4315 1027 4399 (sequitur
1060 4313 1202 4380 narratio
1231 4313 1272 4380 de
1303 4313 1433 4381 Cratino
1463 4322 1496 4381 et
1520 4315 1722 4383 Aristodemo
1752 4339 1792 4384 ex

444 4435 592 4503 Neanths
608 4435 768 4520 Cyziceno
783 4435 995 4521 deprompta.)
1023 4431 1074 4500 διὰ
1096 4432 1164 4509 τοὺς
1186 4430 1337 4509 τοιούτους
1352 4426 1404 4502 οὖν
1419 4435 1535 4524 ἔρωτας
1551 4439 1580 4502 οἱ
1601 4435 1741 4525 τόραννοι
1751 4477 1794 4486 -

446 4558 586 4644 πολέμιοι
607 4553 665 4644 γάρ
688 4553 791 4630 αὐτοῖς
813 4548 904 4622 αὗται
933 4557 965 4620 αί
994 4558 1095 4644 φιλίαι
1109 4594 1152 4604 -
1166 4553 1199 4622 τὸ
1227 4552 1370 4644 παράπαν
1393 4554 1525 4624 ἐκώλυον
1548 4554 1616 4632 τοὺς
1637 4556 1794 4635 παιδικοὺς

446 4678 575 4766 ἔρωτας,
612 4674 803 4766 πανταχόθεν
837 4674 944 4752 αὐτοὺς
978 4673 1188 4751 ἐκκόπτοντες.
1225 4678 1284 4744 εἰσί
1317 4679 1351 4744 δέ
1381 4679 1410 4745 οἳ
1439 4680 1492 4746 καί
1520 4677 1574 4754 τάς
1607 4682 1794 4769 παλαίστρας

445 4791 543 4886 ὥσπερ
571 4797 817 4886 ἀντιτειχίσματα
847 4802 911 4874 ταῖς
943 4800 1032 4874 ἰδίαις
1067 4796 1264 4887 ἀκροπόλεσιν
1302 4797 1524 4888 ἐνεπίμπρασάν
1558 4827 1590 4867 τε
1619 4802 1671 4868 καὶ
1700 4805 1794 4869 κατέ-

448 4929 581 5008 σκαψαν,
608 4917 646 4995 ῶς
669 4922 794 5007 ἐποίησε
817 4916 1013 5009 Πολυκράτης
1036 4917 1052 4986 ‘o
1074 4922 1197 5008 Σαμίων
1220 4918 1372 5011 τόραννος.

534 5042 585 5108 cf.
604 5041 644 5108 de
661 5041 819 5109 eiusmodi
839 5042 1109 5128 disputationibus
1125 5043 1237 5111 Rohde
1259 5045 1317 5108 der
1329 5044 1446 5129 queck.
1467 5045 1593 5109 Roman
1615 5067 1646 5131 p.
1666 5048 1707 5109 56
1723 5065 1792 5130 sqq.
