4118 6240
515 655 573 715 178
649 652 651 655 ’
1078 649 1111 705 R.
1133 649 1301 708 SOIIOELL

512 849 564 906 tur
587 841 743 924 eboregus
766 847 798 905 et
821 841 922 905 Sileni
946 841 1020 924 duo,
1047 834 1252 925 quorum'illi
1276 840 1451 906 ornandum
1475 840 1526 905 lris
1549 838 1730 905 ducendum
1761 838 1862 903 fuisse

513 963 653 1028 tlriasum
677 960 808 1043 dixeris,
836 961 926 1026 errius
950 961 1123 1044 imaginem
1140 963 1288 1027 nimirum
1312 963 1418 1047 ipsum
1435 960 1608 1043 collegium
1625 960 1658 1025 in
1674 959 1776 1025 saeris
1792 980 1863 1042 my-

513 1083 618 1150 steriis
641 1083 778 1166 agendis
801 1083 944 1148 referret.
993 1084 1174 1149 Notabilius
1198 1084 1280 1148 illud
1304 1091 1353 1149 est
1376 1082 1461 1166 quod
1492 1081 1637 1147 bubulcis
1660 1081 1711 1147 sui
1734 1088 1863 1166 praesto

513 1211 604 1271 erant
627 1200 880 1289 ομνοὸιδάσκαλοι
902 1242 945 1250 -
969 1204 1042 1288 ipsa
1072 1225 1132 1269 rex
1163 1225 1247 1270 nora
1269 1224 1371 1289 neque
1398 1202 1530 1268 aliunde
1554 1210 1720 1288 comperta
1743 1202 1862 1284 -qui

512 1326 641 1410 hymnis
672 1325 855 1410 compositis
886 1325 981 1389 choro
1012 1326 1218 1391 bubulcorum
1249 1325 1380 1391 numina
1408 1324 1616 1409 propitiatore
1648 1324 1746 1389 verba
1768 1343 1864 1407 prae-

511 1448 603 1513 irent.
651 1447 849 1530 Hynmorum
872 1454 978 1511 autem
1002 1467 1096 1528 quam
1121 1447 1288 1532 multiplex
1312 1453 1343 1512 et
1365 1446 1568 1512 necessarius
1584 1445 1616 1509 in
1640 1444 1741 1510 sacris
1763 1443 1864 1528 orgiis

512 1589 590 1634 usus
613 1569 775 1633 abususre
799 1567 903 1646 fuerit,
930 1567 1001 1650 quis
1023 1567 1172 1650 ignorat?
1217 1568 1330 1650 Neque
1359 1574 1409 1632 est
1438 1588 1493 1632 cur
1521 1566 1561 1632 de
1585 1565 1649 1631 illis
1672 1565 1862 1650 hymnorum

513 1689 694 1755 auctoribus
718 1687 814 1752 nimis
838 1688 1009 1753 honorilice
1033 1689 1220 1754 sentiamus.
1268 1687 1353 1766 Quid
1375 1696 1492 1768 autem,
1520 1687 1604 1770 quod
1620 1687 1711 1751 cuius
1733 1685 1863 1770 generis

513 1830 566 1875 ars
590 1830 698 1875 eorum
722 1809 819 1874 fuerit
841 1808 1000 1890 hodieque
1022 1828 1062 1874 ex
1085 1809 1212 1874 iudiciis
1236 1809 1408 1894 satffleertis,
1435 1808 1562 1873 utmihi
1578 1807 1705 1892 quidem
1723 1807 1860 1887 videtur,

512 1930 690 1996 diiudicare
713 1930 810 1994 licet?
1348 2016 1350 2018 V

599 2052 658 2117 Est
678 2050 712 2116 in
735 2071 832 2115 manu
856 2050 1001 2116 cellectio
1025 2051 1215 2136 hymnorum
1237 2071 1319 2134 quac
1336 2050 1455 2136 Orphei
1478 2071 1593 2117 nomen
1611 2050 1725 2136 puerili
1749 2048 1863 2115 fraude

514 2173 674 2239 mentitur.
722 2170 810 2248 Quos
834 2171 969 2255 hymnos
992 2192 1064 2236 cum
1088 2173 1129 2237 ab
1146 2172 1295 2256 Orphicis
1312 2172 1493 2239 Lobeckius
1516 2172 1629 2237 merito
1651 2170 1860 2251 abiudicavit,

512 2294 599 2359 idem
623 2314 678 2359 eos
708 2314 748 2358 ne
778 2293 811 2357 in
835 2313 927 2358 usum
956 2292 1085 2374 quidem
1115 2293 1378 2376 qualemcumque
1408 2300 1583 2376 mystarum
1614 2293 1766 2377 scriptos,
1804 2290 1864 2357 sed

514 2423 675 2499 tamquam
699 2413 935 2479 exercitationis
958 2414 1062 2496 gratia
1086 2414 1230 2479 conditos
1246 2414 1345 2478 rideri
1370 2434 1433 2477 non
1455 2414 1613 2497 probarit.
1661 2413 1863 2495 Quamquam

514 2536 554 2602 de
577 2544 694 2601 natura
717 2534 890 2600 carminum
915 2554 1021 2599 eorum
1048 2535 1142 2618 longe
1166 2535 1272 2600 verius
1295 2534 1447 2600 iudicium
1478 2535 1550 2600 tulit
1580 2534 1864 2619 hierophantarum

515 2665 546 2722 et
569 2664 713 2723 veterum
737 2664 769 2722 et
791 2656 1000 2721 recentiorum
1018 2675 1130 2721 censor
1152 2656 1289 2721 inuictus
1305 2676 1400 2738 quam
1423 2656 1477 2738 qui
1493 2665 1566 2740 post
1585 2656 1674 2721 illum
1692 2656 1760 2721 sire
1776 2656 1865 2719 Neo-

514 2778 745 2863 platouicorum
778 2797 897 2843 areana
927 2777 995 2842 sive
1018 2777 1099 2842 adeo
1122 2777 1299 2842 Stoicorum
1322 2778 1468 2843 notiones
1492 2779 1627 2843 morales
1657 2777 1689 2841 in
1713 2777 1768 2851 eis
1784 2777 1865 2842 odo-

515 2899 574 2964 rati
597 2906 687 2964 sunt:
721 2916 800 2963 cum·
816 2898 1018 2983 precationes
1042 2898 1123 2962 istae
1146 2896 1312 2963 sacrificae
1335 2906 1368 2964 et
1397 2899 1678 2983 epiphonernatum
1701 2898 1865 2982 ampullae

514 3020 603 3085 nullo
627 3019 811 3084 discrimine
841 3019 874 3082 in
906 3038 1033 3084 saccum
1066 3018 1157 3082 susac
1184 3038 1246 3082 non
1270 3019 1375 3084 minus
1398 3019 1591 3085 abhorreant
1619 3040 1640 3082 a
1669 3019 1867 3084 sententiosa

516 3140 693 3206 Stoicorum
722 3139 881 3223 gravitate
910 3159 1004 3223 quam
1035 3139 1323 3205 aPlatonistarum
1354 3140 1504 3206 abstrusa
1532 3149 1564 3205 et
1593 3140 1757 3206 recondita
1787 3141 1864 3205 sub-

515 3262 642 3327 tilitate.
690 3262 759 3326 Iam
782 3260 837 3343 qui
860 3260 1019 3326 eiusmodi
1042 3260 1299 3326 invocationibus
1322 3261 1363 3326 ad
1387 3261 1517 3327 deorum
1541 3263 1673 3327 numina
1703 3263 1764 3328 sibi
1787 3283 1865 3327 con-

515 3382 656 3448 cilianda
679 3389 825 3462 utuntur,
859 3382 892 3446 in
914 3381 995 3466 ipsis
1017 3382 1192 3448 carminum
1223 3383 1376 3448 clausulis
1406 3383 1438 3447 in
1462 3382 1646 3448 universum
1677 3384 1864 3468 plerumque

517 3499 641 3588 μόοται,
667 3502 860 3585 aliquotiens
884 3498 1076 3588 μοστιπόλοι,
1110 3499 1283 3588 resipuerat,
1318 3499 1520 3591 ὀργεοφάντοιι
1542 3504 1781 3587 significantur:
1816 3504 1865 3569 bis

516 3623 646 3706 quidem
670 3624 818 3690 disertior
841 3625 1018 3709 appellatio
1040 3625 1207 3710 profertur,
1235 3625 1344 3709 hymn.
1371 3625 1387 3688 I
1410 3626 1443 3689 in
1465 3626 1608 3691 Hecaten
1632 3628 1650 3690 8
1674 3646 1724 3708 sq.

788 3747 975 3830 λισσομένοις
999 3741 1109 3832 κούρην
1133 3749 1266 3818 τελεταῖς
1290 3742 1391 3832 ‘osipus
1412 3751 1564 3833 παρεῖναι,

604 3952 605 3955 ¹
788 3862 962 3955 βουκόλῳ
985 3862 1183 3953 εὐμενέοοσοιν
1207 3863 1255 3931 ἀεὶ
1278 3863 1443 3954 κεχαρηὸτι
1466 3870 1564 3954 θυμῷ,

519 3995 552 4054 et
573 3987 686 4053 XXXI
708 3987 742 4053 in
765 3989 899 4055 Curetes
923 3992 1006 4072 6sq.

788 4105 903 4175 ἔλθοιτ’
930 4107 1119 4195 εὐμενέοντες
1142 4107 1191 4176 ἐπ’
1219 4107 1382 4198 εὐφήμοισι
1405 4106 1548 4196 λόγοισιν,

788 4227 965 4319 βουκόλῳ
989 4228 1146 4318 εὐάντητοι
1170 4229 1219 4296 ἀεὶ
1242 4228 1408 4319 κεχαρηότι
1430 4233 1530 4318 θυμῷ.

518 4351 642 4429 Quibus
664 4351 696 4416 in
721 4353 922 4437 explicandis
945 4374 1073 4438 operam
1101 4353 1281 4438 perdidisse
1313 4352 1518 4437 interpretes,
1555 4354 1637 4419 sicut
1658 4354 1866 4421 Peterscnum

517 4473 550 4537 in
567 4473 683 4538 Philol.
703 4472 847 4557 Gotting.
867 4474 993 4539 XXVII
1007 4495 1040 4558 p.
1060 4478 1132 4555 tre,
1159 4475 1240 4539 nihil
1263 4474 1378 4540 attinet
1400 4495 1573 4559 exponere,
1599 4496 1672 4540 cum
1692 4497 1769 4542 vcra
1784 4477 1866 4541 ratio

517 4594 581 4659 iarn
605 4594 638 4659 in
660 4604 808 4680 promptu
832 4595 883 4660 sit.
931 4596 1003 4660 Non
1018 4615 1130 4661 vereor
1152 4596 1249 4679 igitur
1272 4617 1312 4662 ne
1335 4596 1366 4660 in
1384 4597 1582 4681 petulantiae
1600 4596 1867 4682 vituperationem

519 4717 607 4800 apud
627 4716 676 4780 Te
700 4716 860 4781 incurram
877 4737 947 4780 cum
963 4715 1121 4782 contendo
1144 4716 1279 4800 hymnos
1294 4717 1368 4782 illos
1387 4738 1457 4781 eum
1474 4717 1589 4782 litandi
1605 4719 1786 4804 praeceptis
1808 4719 1869 4785 ad-

516 4836 633 4902 iunctis
663 4856 778 4922 reapse
809 4844 987 4922 mystarum
1018 4838 1161 4903 coetibus
1192 4838 1297 4922 qualis
1328 4839 1536 4905 bubulcorum
1560 4839 1789 4905 Bacchieorum
1818 4849 1868 4906 est

516 4957 694 5023 destinatos
718 4959 829 5025 fuisse.
877 4959 990 5040 Neque
1013 4959 1119 5024 obstat
1141 4961 1172 5023 in
1195 4960 1252 5024 illo
1276 4959 1441 5042 religionis
1464 4981 1583 5043 genere
1606 4970 1639 5026 et
1661 4969 1745 5027 statu
1762 4962 1868 5026 numi-

516 5077 592 5143 num
622 5099 705 5163 quae
736 5080 779 5144 ibi
809 5080 998 5145 invocantur
1027 5101 1147 5162 magna
1181 5088 1213 5146 et
1243 5080 1417 5146 indiscreta
1450 5084 1559 5148 turba:
1603 5083 1634 5146 in
1665 5104 1729 5164 qua
1759 5091 1868 5148 tamen
