4118 6240
374 675 424 730 DE
443 674 684 733 condemnes
704 678 753 732 ET
772 677 968 733 COLLEGIIS
986 674 1206 742 QUIBUSDAM
1225 673 1455 730 GRAECORUM
1524 679 1585 739 175

328 873 423 936 Porro
446 891 528 954 quae
552 870 749 934 Athenarum
773 870 920 952 exemplo
943 867 1164 946 innotuerunt,
1198 866 1310 930 eadem
1341 867 1410 930 sine
1434 865 1531 930 dubio
1553 867 1585 930 in

242 993 316 1058 aliis
340 991 472 1057 urbibus
496 990 651 1055 Graeciae
675 989 761 1054 baud
783 988 895 1072 paucis
917 987 1113 1052 adminicula
1136 987 1280 1069 quaesita
1301 994 1374 1051 sunt
1396 986 1511 1070 quihus
1526 988 1588 1053 du·

244 1133 297 1178 ees
314 1113 429 1197 populi
448 1111 560 1176 fractis
584 1111 697 1195 opibus
720 1109 920 1194 optimatium
943 1109 1130 1193 popularem
1147 1115 1264 1172 statum
1282 1106 1453 1172 firmarent.
1494 1107 1532 1173 ld
1547 1108 1587 1175 de

244 1234 378 1318 Cyrenis
407 1234 596 1298 Aristoteles
626 1239 781 1296 testatur:
815 1231 856 1295 de
886 1230 1042 1294 Heraclea
1068 1228 1200 1292 Pontica
1229 1227 1334 1291 simile
1364 1228 1442 1311 quid
1463 1231 1587 1294 Aeneas

245 1354 464 1438 Stymplralius
487 1353 518 1418 in
543 1351 768 1417 commentario
792 1351 832 1416 de
855 1349 1021 1415 obsidione
1044 1348 1184 1413 arcenda
1206 1367 1277 1430 cap.
1299 1352 1347 1427 11,
1368 1353 1405 1410 10
1427 1352 1589 1435 παραπλη-

246 1475 314 1546 σίως
332 1475 364 1539 δὲ
380 1477 410 1538 ἐν
432 1470 599 1561 Ἡρακλεία
622 1478 658 1559 τῇ
682 1475 712 1536 ἐν
740 1476 782 1558 τῷ
805 1468 911 1559 Πόντῳ
927 1463 1018 1556 οὔσης
1042 1468 1244 1555 δημοκρατίας
1266 1468 1318 1533 καί
1334 1466 1587 1558 ἐπιβουλευόντων

244 1602 302 1661 τῶν
325 1597 474 1660 πλουσίων
502 1601 544 1681 τῷ
567 1591 655 1680 δήμῳ
678 1589 729 1658 καί
752 1588 919 1678 μελλόντων
941 1592 1141 1670 ἐπιτίθεσθαι,
1168 1586 1340 1676 προρνόντες
1367 1592 1395 1654 οἱ
1423 1588 1588 1678 προστάται

244 1720 297 1781 τοῦ
320 1712 418 1801 δήμου
447 1714 479 1780 τὸ
510 1717 628 1800 μέλλον,
661 1711 758 1779 οὐσῶν
790 1711 890 1786 αὐτοῖς
916 1717 1002 1799 τριὼν
1026 1715 1129 1799 φυλῶν
1159 1710 1211 1774 καί
1241 1707 1398 1797 τριάκοντα
1425 1709 1587 1800 (τεσσάρων

246 1838 316 1903 ced.
343 1858 420 1903 corr.
447 1837 597 1919 Haasiusl
629 1830 832 1914 ἑκατοστύων,
865 1833 987 1899 ἔτεισαν
1010 1830 1042 1898 τὸ
1064 1833 1180 1916 πλῇίλος
1203 1827 1344 1916 ἑξήκοντα
1375 1833 1473 1898 ίλεῖναι
1501 1833 1588 1918 (εἶναι

245 1958 315 2023 cod.
333 1979 415 2023 corr.
434 1958 624 2042 Hereherus)
653 1954 843 2035 ἑκατοστύας,
868 1954 918 2020 ἵνα
934 1957 965 2020 ἐν
982 1951 1104 2026 ταύταις
1126 1951 1176 2017 καί
1199 1956 1241 2025 είς
1257 1949 1308 2026 τὰς
1324 1952 1462 2041 φυλακάς
1479 1955 1529 2020 καί
1546 1959 1588 2030 είς

245 2075 296 2152 τάς
322 2073 415 2151 άλλας
439 2079 623 2165 λειτουργίας
647 2081 788 2164 φοιτῶσιν
812 2078 840 2140 οί
862 2075 1011 2141 πλοάσιοι.
1058 2077 1140 2141 Nam
1156 2070 1328 2155 ἑκατοστόν,
1354 2077 1485 2160 quaein
1501 2078 1589 2143 urbi-

246 2201 306 2266 bus
329 2200 474 2280 Asianis,
507 2200 593 2264 velut
623 2206 750 2283 praeter
778 2198 970 2264 Heracleam
993 2196 1163 2281 Lampsaci
1189 2197 1335 2280 Byzantii
1356 2197 1476 2281 Ephesi
1500 2198 1589 2263 Sami

247 2321 315 2387 sive
339 2321 439 2385 tribus
467 2322 583 2407 (φυλῆς,
611 2319 679 2385 sive
700 2315 873 2406 χιλιαοτὸος
896 2318 1012 2383 divisio
1038 2317 1305 2402 deprehenditur,
1335 2317 1497 2402 phratrias
1520 2319 1589 2385 uice

248 2441 338 2523 fungi
361 2449 494 2507 constat.

333 2538 469 2628 Omnino
492 2562 525 2626 in
545 2562 632 2627 illius
655 2562 795 2644 regionis
820 2560 951 2625 urbibus
973 2558 1087 2624 ionicis
1103 2565 1135 2624 et
1157 2557 1287 2623 aeolicis
1310 2559 1501 2641 gentilitatis
1516 2580 1591 2646 spe-

247 2684 314 2749 cies
336 2691 498 2765 tamquam
523 2691 598 2747 nota
620 2683 780 2764 ingenuae
802 2681 939 2746 civitatis
963 2681 1146 2746 necessaria
1172 2679 1301 2763 agnosci
1332 2701 1503 2762 numquam
1533 2681 1592 2747 de-

246 2805 309 2869 sita
331 2812 389 2869 est.
437 2802 536 2868 Cuius
559 2802 604 2867 rei
628 2823 691 2867 non
714 2802 808 2867 modo
830 2802 923 2887 ipsae
946 2802 1091 2867 notiones
1113 2800 1289 2880 ἑκατοστύς,
1322 2796 1477 2888 χιλιοστός
1508 2804 1591 2889 (χελ-

247 2921 355 3009 ληστύς
384 2922 471 3007 apud
493 2923 744 3006 Methymnaeae)
772 2923 889 2989 indicio
918 2930 993 2988 sunt
1014 2943 1054 2987 ex
1077 2941 1208 2987 nurnero
1239 2922 1354 2987 ficticio
1381 2922 1529 2988 nimirum
1559 2931 1592 2989 et

247 3044 422 3128 composito
443 3043 593 3109 domuum
625 3045 693 3110 sire
725 3051 851 3129 patrum
875 3043 1014 3108 familias
1037 3043 1246 3128 repetendae:
1279 3042 1409 3127 gravius
1435 3045 1592 3126 estquod

224 3228 226 3231 ,
249 3186 290 3229 ex
306 3164 485 3230 Samiorum
506 3165 618 3230 saltem
641 3165 778 3230 decretis
800 3164 1000 3246 alienigenae
1024 3164 1152 3229 eiritste
1174 3163 1284 3229 donati
1308 3163 1402 3228 etiam
1426 3164 1515 3248 genti
1532 3165 1592 3230 ad-

248 3285 342 3351 scribi
364 3285 531 3350 hibentur:
558 3281 704 3350 ὄεῦάσίλαι
728 3282 826 3358 αὸτοῖς
849 3285 999 3350 πολιτείαν
1023 3282 1070 3350 ἐπ’
1099 3283 1151 3371 lep
1175 3285 1226 3350 καί
1250 3281 1337 3371 ὁμοίῃ
1362 3281 1411 3348 καί
1428 3281 1526 3358 abaci<
1542 3284 1592 3350 καί

248 3402 392 3492 ἐκγόνοις,
418 3405 469 3470 καί
492 3407 695 3493 ἐπικληρῶσαι
719 3403 825 3479 αότοὺς
848 3407 896 3472 ἐπὶ
920 3404 1017 3493 φυλὴν
1033 3406 1083 3471 καί
1099 3405 1254 3492 χιλιαστύν
1271 3406 1321 3471 καί
1344 3404 1503 3471 ἑκατοστὸν
1526 3407 1591 3473 καί

248 3531 376 3614 γένος,
403 3526 465 3592 καί
488 3524 714 3615 ἀναγράψαι
738 3530 795 3600 εἰς
818 3525 857 3593 τὸ
880 3530 990 3613 γένος
1010 3520 1029 3592 h
1053 3522 1093 3592 ἃν
1117 3524 1308 3614 λάχωσιν,
1337 3523 1592 3603 καθότικαίτοίις

247 3628 356 3722 άλλάος
371 3648 504 3733 Σαμίους
532 3649 606 3730 (vid.
626 3649 662 3712 (J.
682 3649 810 3716 Curtius
831 3649 1003 3712 Urdurrdea
1018 3672 1076 3713 aur
1094 3648 1279 3712 Gescha'chte
1293 3671 1351 3711 oon
1366 3652 1478 3713 Samos
1496 3652 1589 3733 1877,

249 3793 280 3855 p.
300 3773 352 3834 ⁴23.
372 3773 424 3833 28.
445 3773 510 3852 31).
564 3769 655 3835 Unde
678 3771 817 3835 eflicitur
839 3790 878 3835 ue
901 3769 1043 3852 gentium
1064 3769 1193 3853 quidem
1217 3769 1278 3834 nisi
1303 3769 1474 3836 simulacra
1497 3779 1592 3854 atque

249 3892 331 3957 adeo
362 3912 450 3956 mera
477 3891 606 3955 nomina
635 3883 839 3956 remansisse.
895 3890 933 3956 Id
961 3911 1053 3956 secus
1077 3890 1136 3955 fuit
1158 3891 1244 3976 apud
1274 3890 1505 3958 Athenienses:
1539 3892 1592 3975 qui

145 4055 148 4062 ·
249 4012 471 4096 adscripticios
498 4011 585 4076 cives
608 4012 760 4097 phratriis
782 4012 964 4078 necessario
987 4013 1116 4077 attribui
1139 4012 1324 4091 voluerunt,
1356 4013 1505 4095 gentibus
1533 4034 1594 4099 pu-

249 4134 329 4198 blice
353 4132 450 4216 recipi
474 4134 654 4246 noluerunt.
703 4135 815 4216 Neque
846 4133 929 4198 enim
961 4133 1137 4217 perieulum
1168 4141 1216 4198 est
1244 4154 1284 4198 ne
1314 4134 1385 4218 quis
1407 4154 1445 4200 eo
1475 4135 1594 4201 referat

249 4253 468 4319 Piraeensium
492 4254 604 4318 scitum
629 4256 664 4319 C.
692 4255 718 4318 I.
744 4256 781 4319 A.
809 4255 842 4317 Il
864 4257 937 4335 589,
964 4274 1026 4336 quo
1049 4253 1132 4319 inter
1154 4253 1325 4337 privilegia
1348 4255 1593 4322 Callidamantis

247 4373 469 4439 Chellidensis
484 4374 518 4438 id
533 4395 657 4457 quoque
674 4375 809 4440 habetur
824 4377 1004 4459 κατανεῖμαι
1020 4371 1110 4439 αὐτὸν
1133 4374 1184 4439 καί
1208 4375 1249 4447 είς
1276 4350 1473 4462 τριακάδα
1496 4370 1533 4462 ἣν
1557 4372 1593 4441 ἂν

250 4492 337 4567 αὐτὸς
361 4491 515 4580 βούληται.
564 4496 653 4574 Quae
676 4496 892 4561 Piraeensium
916 4492 1074 4583 τριακάόες
1098 4504 1182 4562 certe
1205 4517 1268 4561 non
1298 4504 1412 4578 gentes
1438 4498 1594 4582 interpre-

249 4615 366 4681 tandae
390 4624 528 4681 sunt-
551 4637 633 4699 quae
655 4638 718 4701 quo
741 4617 809 4682 iure
832 4617 893 4683 civi
912 4618 1099 4684 Atheniensi
1122 4640 1142 4682 a
1165 4617 1302 4702 paganis
1318 4618 1413 4683 tribui
1430 4625 1595 4703 poteraut?

251 4759 290 4802 ne
314 4758 482 4803 memorem
507 4744 654 4804 constare
679 4739 916 4820 degentilibus
940 4738 1033 4803 unius
1055 4738 1160 4821 gentis
1184 4738 1321 4803 diversis
1348 4739 1441 4824 pagis
1471 4739 1596 4805 adscri-

250 4860 312 4944 ptis
334 4885 391 4922 -2
420 4859 478 4923 sed
500 4858 606 4942 potius
630 4859 767 4942 collegia
790 4859 948 4942 quaedam
972 4880 1186 4944 paganorum,
1212 4861 1339 4925 nomine
1363 4881 1383 4925 a
1405 4861 1595 4941 gentilitatis

250 4979 459 5045 similitudine
483 4980 599 5064 petito,
631 5001 714 5063 quae
745 4980 901 5044 sacrificia
924 4981 1079 5065 epulasve
1111 4980 1204 5045 sestis
1227 4981 1341 5046 diebus
1364 5002 1428 5046 una
1451 4983 1595 5049 celebra-

249 5110 336 5183 rent3
363 5099 633 5187 quemadmodum
654 5100 978 5167 Lacedaemoniorum
1003 5101 1035 5166 in
1051 5101 1191 5187 spssitiis
1214 5109 1305 5168 erant
1320 5103 1596 5171 contubernalium
