4118 6240
525 644 736 701 HIERONYMI
755 643 889 701 RHODII
906 644 1178 701 PERIPATETICI
1196 643 1432 700 FRAGMENTA
1556 674 1558 678 ·
1590 607 1650 709 101

393 840 423 901 9.
464 837 509 903 ib.
526 838 555 903 V
570 843 600 918 5,
624 841 661 901 14
687 845 852 920 praetereo
875 837 1000 914 multos,
1025 834 1059 900 in
1080 834 1130 900 his
1144 838 1269 900 doctum
1290 834 1442 900 hominem
1460 843 1491 900 et
1511 857 1646 915 suavem,

306 959 556 1043 Hieronymum,
589 980 680 1045 quem
708 957 772 1023 tam
801 979 858 1021 cur
884 957 1124 1041 peripateticum
1152 957 1307 1040 appellem
1336 956 1455 1020 nescio:
1500 977 1652 1018 summum

307 1079 390 1144 enim
419 1080 532 1144 honum
558 1079 703 1163 esposuit
733 1078 921 1142 vacuitatem
953 1076 1093 1154 clolorss,·
1126 1077 1183 1164 qui
1212 1086 1335 1174 autem*
1350 1079 1388 1141 cle
1421 1099 1540 1141 summo
1573 1078 1651 1141 hono

305 1200 459 1280 dissentit,
485 1201 524 1265 cle
547 1209 614 1264 tota
633 1198 850 1286 philosophiae
871 1197 995 1263 ratione
1016 1197 1170 1264 dissentit.

396 1326 446 1385 11).
485 1321 529 1387 11).
551 1326 580 1405 7,
601 1325 642 1387 20
679 1320 828 1404 expositis
856 1320 920 1385 iam
948 1318 1047 1405 iyitur
1074 1342 1130 1384 sen
1156 1320 1196 1383 cle
1222 1341 1340 1384 summa
1369 1319 1447 1382 hono
1476 1317 1645 1399 sententiis,

307 1443 403 1506 trr'um
419 1442 639 1526 proximarum
660 1441 696 1506 hi
713 1441 893 1526 principes.-
917 1441 1088 1524 voluptatis
1103 1440 1298 1524 Aristippus,
1324 1463 1387 1504 non
1408 1439 1536 1504 dolendi
1549 1439 1652 1504 Hier-

306 1586 435 1649 onymus
458 1588 484 1628 e.
504 1586 532 1648 q.
552 1586 578 1628 s.

395 1689 442 1748 11.
484 1684 529 1750 ib.
547 1688 599 1765 25,
620 1686 660 1748 73
689 1683 829 1766 positum
851 1691 898 1747 est
918 1707 939 1748 a
960 1682 1077 1747 nostris
1099 1682 1132 1746 in
1155 1683 1194 1747 iis
1217 1706 1282 1748 esse
1303 1684 1412 1760 relus,
1439 1704 1518 1767 quae
1539 1704 1650 1746 secun-

305 1808 379 1871 dum
400 1813 550 1871 naturam
571 1813 685 1888 essent,
717 1827 779 1869 non
801 1804 924 1869 dolere:
962 1804 1019 1868 hoc
1040 1803 1255 1889 Hieronymus
1275 1825 1428 1869 summum
1451 1803 1563 1868 bonum
1585 1825 1650 1867 esse

305 1927 397 1992 daie.

394 2052 444 2112 12.
467 2047 548 2122 ,Oia
574 2047 675 2114 Aoad.
695 2048 794 2129 1142,
819 2048 874 2110 131
909 2047 1098 2130 voluptatem
1119 2055 1223 2111 autem
1239 2054 1270 2111 et
1284 2046 1477 2111 honestatem
1486 2045 1569 2130 finis
1583 2067 1650 2109 esse

307 2169 453 2254 Callipho
476 2169 616 2246 ceruuit‚·
644 2192 756 2234 vacare
778 2168 864 2233 omni
883 2167 1027 2232 molestia
1049 2167 1265 2254 Hieronymus
1272 2196 1286 2244 ,·
1314 2166 1372 2231 hoa
1398 2167 1480 2231 idern
1501 2188 1571 2230 cum
1593 2165 1650 2230 ho-

279 2299 423 2370 ,nestate
445 2290 623 2394 Diodorus:
647 2292 737 2355 ambo
760 2289 796 2353 hi
809 2288 1022 2373 peripatetici.

392 2415 442 2476 13.
482 2411 549 2478 cie.
569 2412 666 2478 Tuso.
684 2410 769 2496 disp.
788 2411 820 2474 ll
836 2415 867 2491 6,
890 2413 927 2473 15
957 2410 1039 2473 hunc
1054 2419 1131 2495 post
1145 2409 1291 2475 Rhodius
1305 2408 1521 2493 Hieronymus
1542 2409 1650 2473 dolore

304 2555 415 2597 vacare
436 2554 589 2597 summum
611 2534 724 2596 horsum
745 2531 845 2596 dicit:
884 2539 1006 2596 tantnm
1027 2531 1061 2595 in
1083 2532 1190 2596 dolore
1211 2530 1303 2596 clarit
1323 2530 1411 2595 mali.

393 2658 442 2717 14.
483 2653 640 2735 11111311,
661 2656 699 2716 81
739 2661 812 2717 sunt
833 2661 937 2717 autem
959 2652 1035 2716 hacc
1065 2654 1104 2717 de
1119 2651 1259 2736 finibus,
1292 2660 1328 2716 ul
1350 2652 1475 2736 opinor,
1510 2659 1649 2716 retentae

301 2776 510 2861 defensaeque
531 2774 722 2850 seutentiac,·
739 2773 879 2857 primum
900 2774 1057 2858 simplices
1078 2781 1240 2859 quattuor.-
1271 2773 1353 2837 nihil
1374 2773 1485 2837 honum
1507 2771 1572 2836 nesi
1591 2772 1650 2837 ho-

301 2903 432 2976 nestum,
458 2904 494 2960 ut
508 2894 630 2971 Stoici·
651 2895 734 2959 nihil
747 2895 860 2959 honum
875 2893 937 2958 nisi
953 2883 1152 2978 voluptatem,
1180 2902 1215 2958 ut
1233 2893 1394 2978 Epicurus
1400 2923 1413 2970 ,·
1434 2893 1516 2957 nihil
1537 2894 1649 2958 honum

301 3016 365 3080 nisi
385 3017 573 3082 vacuitatem
594 3015 721 3096 doloris,
747 3024 783 3080 ut
805 3015 1020 3101 Hieronymus
1025 3044 1039 3093 ,·
1060 3015 1142 3079 nihil
1163 3017 1275 3079 honum
1297 3015 1361 3079 nisi
1380 3023 1514 3079 naturae
1531 3013 1648 3098 primis

302 3137 391 3201 bonis
419 3145 475 3203 aut
504 3138 645 3202 omnibus
674 3145 731 3202 mit
758 3134 905 3201 maximis
915 3135 1012 3223 frui,
1045 3144 1081 3200 ut
1106 3137 1284 3202 Carneades
1306 3144 1415 3201 contra
1437 3135 1560 3202 Stoicos
1581 3135 1649 3200 dis-

298 3259 430 3324 serebat.

391 3383 440 3444 15.
481 3379 524 3446 11).
543 3383 594 3461 31,
615 3383 654 3445 87
686 3376 803 3464 reliqui
822 3378 936 3443 hahere
957 3401 991 3443 se
1013 3377 1156 3443 n’elentur
1170 3378 1344 3464 anyustius,
1371 3386 1501 3443 ermtant
1523 3386 1647 3443 tamen:

301 3500 476 3584 Epicurus,
509 3499 726 3587 Hieronymus
753 3508 784 3564 et
811 3499 842 3563 si
868 3499 924 3585 qui
950 3508 1039 3580 sunt,
1073 3499 1128 3584 qni
1148 3500 1304 3564 desertum
1326 3499 1409 3563 illud
1432 3499 1647 3565 Carneadeam

300 3629 410 3686 curent
431 3620 619 3708 defendam
639 3643 729 3686 neruo
751 3628 797 3685 est
819 3620 901 3684 enim
922 3642 1029 3685 eornm
1051 3620 1126 3705 quin
1149 3621 1296 3685 honorum
1311 3620 1449 3685 animum
1468 3628 1560 3704 putet
1580 3643 1646 3686 esse

300 3720 433 3807 iudicem
453 3765 583 3829 eumque
604 3741 850 3827 condocefeciat,
876 3749 912 3806 ut
933 3765 980 3822 ea,
1007 3763 1089 3828 quae
1111 3742 1190 3807 hona
1205 3742 1326 3807 malave
1349 3740 1522 3823 videantur,
1543 3743 1649 3827 possit

300 3871 505 3930 contemnere.
551 3886 626 3928 nam
648 3864 731 3949 qnod
758 3863 818 3929 tibi
837 3862 995 3947 Epicurus
1017 3862 1149 3944 videtur,
1182 3864 1291 3927 eadem
1319 3862 1380 3928 erit
1402 3862 1595 3949 Hieronymi
1615 3872 1646 3930 et

244 4011 246 4015 ¹
303 3985 476 4051 Carneadis
505 4007 601 4050 causa
629 3992 660 4049 ct
688 3984 815 4050 hercule
844 3983 981 4049 omnium
1008 3984 1221 4069 reliquorum·
1249 3984 1320 4069 quis
1349 3983 1431 4049 enim
1453 4006 1570 4068 parum
1599 3994 1647 4051 est

301 4115 411 4172 contra
432 4114 563 4171 mortem
584 4114 641 4172 ant
661 4106 799 4171 dolorem
815 4108 977 4188 paratas?

391 4230 441 4292 16.
479 4228 565 4293 Ρ101.
596 4226 637 4295 de
668 4226 767 4293 Stoio.
798 4245 933 4312 repugn.
959 4228 979 4289 2
1008 4247 1040 4312 p.
1072 4229 1152 4291 1033
1191 4221 1246 4292 οὐκ
1279 4217 1392 4312 ἄδηλον
1426 4220 1472 4293 ὅτι
1500 4227 1561 4300 τοῖς
1589 4222 1640 4315 ὑφ’

301 4349 410 4436 ἑτέρων
432 4349 634 4436 γραφομένοις
655 4344 706 4412 καὶ
728 4347 900 4434 λεγομένοις
932 4349 1045 4432 μᾶλλον
1068 4340 1088 4432 ἢ
1111 4347 1172 4421 τοῖς
1195 4342 1248 4435 ὑφ’
1277 4341 1375 4412 αὑτῶν
1398 4342 1644 4434 ὁμολογουμένως

168 4487 179 4501 ‘
301 4470 412 4557 ἔζησαν
440 4468 573 4555 (Stoici),
609 4460 645 4555 ἢν
664 4464 839 4556 Ἐπίκουρος
868 4464 998 4556 ἡσυχίαν
1021 4468 1138 4534 ἐπαινεῖ
1159 4465 1210 4533 καὶ
1225 4463 1415 4556 Ἱερώνυμος,
1441 4470 1473 4535 ἐν
1495 4464 1589 4557 ταύτῃ
1612 4467 1646 4537 τὸ

297 4585 440 4679 παράπαν
463 4588 718 4678 καταβιώσαντες.

385 4702 529 4797 Apparet
550 4733 614 4778 non
637 4718 722 4778 reste
744 4710 914 4797 scripsisse
937 4710 1097 4777 Zellerum
1116 4710 1199 4775 112³
1221 4733 1253 4797 p.
1272 4714 1346 4795 925,
1366 4715 1403 4776 4:
1449 4713 1509 4777 ‘die
1530 4708 1645 4800 ἡσυχία

301 4832 474 4897 bemmhnet
497 4833 586 4898 Plut.
610 4836 679 4898 Sto.
704 4855 771 4917 rep.
797 4836 827 4913 2,
847 4836 869 4897 2
891 4833 940 4896 als
963 4831 1178 4916 Hieronymus
1199 4832 1300 4913 Ideal,
1327 4832 1386 4898 mit
1407 4835 1477 4898 dem
1500 4833 1638 4916 Bersatz,

297 4954 384 5020 sein
406 4954 537 5019 Leben
565 4952 668 5019 habe
697 4955 852 5035 eberiso,
884 4952 953 5019 wie
980 4954 1052 5018 elas
1073 4953 1277 5038 Epihurs,
1308 4952 1441 5019 dieser
1473 4954 1641 5020 Theorie

232 5082 234 5084 ’
297 5075 586 5160 entsprochen’.
