4206 6248
944 505 966 560 Ι

670 657 719 712 DE
738 655 773 711 Λ.
795 656 917 712 PERSII
936 653 1070 711 FLACCl
1089 653 1237 710 PATRIA
1606 655 1624 717 3

368 848 506 932 Egregie
535 857 641 913 autem
672 848 819 912 convenit
847 847 986 912 locorum
1017 846 1096 911 situs
1126 865 1195 911 cum
1225 845 1284 926 iis,
1315 865 1398 928 quae
1429 845 1470 911 de
1493 842 1625 910 coloniis

283 969 401 1035 tradita
423 976 498 1035 sunt
519 987 599 1052 quas
622 968 798 1034 Phoenices
821 966 1046 1047 condiderunt,
1083 959 1178 1053 ἄκρας
1199 991 1231 1030 τε
1255 964 1303 1032 ἐπὶ
1325 971 1360 1052 τῇ
1386 962 1526 1052 θαλάσσῃ
1550 960 1627 1030 ἀπο-

283 1085 424 1176 λαβόντες
446 1088 498 1154 καὶ
520 1085 557 1154 τὰ
580 1088 753 1173 ἐπικείμενα
775 1088 893 1175 apeldra
916 1087 1060 1175 ἐμπορίας
1082 1089 1171 1152 ἕνεκα
1202 1087 1314 1171 (Thus.
1339 1088 1394 1169 VI,
1421 1089 1467 1172 2).
1513 1088 1626 1152 Portus

283 1217 333 1277 est
353 1218 418 1277 tam
442 1231 534 1276 rarae
557 1209 787 1294 magnitudinis
810 1217 842 1276 et
864 1209 1055 1289 securitatis,
1082 1215 1200 1274 utnon
1224 1207 1362 1293 potuerit
1376 1228 1396 1272 a
1411 1207 1627 1274 Phoenicibus

283 1332 432 1415 neglegi,
466 1330 553 1415 agris
582 1330 788 1396 fertilissimis
819 1330 952 1397 cinctus.
999 1331 1111 1396 Insula
1141 1329 1270 1395 adiacet
1297 1336 1435 1412 angusto
1465 1328 1546 1395 freto
1575 1346 1628 1394 se-

283 1453 402 1535 iuncta,
428 1471 511 1536 quae
530 1451 646 1518 dieitur
659 1452 830 1533 Palmaria,
856 1471 971 1535 graece
988 1452 1202 1515 Φοινικοῦσσα.
1242 1451 1270 1515 Ε
1292 1451 1423 1534 regione
1445 1450 1572 1516 insulae
1594 1449 1627 1514 in

283 1573 354 1658 ipso
375 1572 609 1659 promontorio,
635 1573 721 1657 quod
742 1573 857 1638 fretum
881 1572 1078 1656 dominatur,
1105 1572 1195 1637 vicus
1217 1578 1267 1638 est
1289 1591 1360 1637 cum
1384 1571 1522 1638 ecclesia
1543 1570 1628 1636 anti-

264 1683 431 1779 'quissimi
454 1693 565 1759 sacelli
587 1693 756 1759 ruderibus
779 1700 1013 1778 superstructa,
1049 1693 1138 1758 cuius
1168 1693 1230 1759 vici
1259 1712 1375 1759 nomen
1397 1692 1532 1759 Veneris
1554 1712 1628 1777 por-

285 1823 352 1881 tum
382 1803 435 1881 hic
464 1814 541 1879 olim
571 1814 672 1880 fuisse
701 1821 847 1881 testatur.
894 1814 1002 1893 Quare
1031 1835 1102 1880 cum
1131 1814 1164 1879 in
1194 1813 1286 1880 litore
1315 1814 1460 1901 proxime
1482 1813 1627 1900 opposito

285 1937 428 2003 eiusdem
452 1934 532 2000 deae
555 1935 708 2001 memoria
731 1936 764 2001 in
786 1936 870 2018 vico,
897 1936 952 2019 qui
974 1936 1079 2001 Lerici
1100 1942 1242 2016 vocatur,
1269 1943 1458 2002 conservata
1481 1936 1539 2019 sit,
1565 1956 1628 2000 non

285 2058 416 2123 dubium
440 2064 499 2138 est,
526 2057 676 2123 Sidonios
698 2056 758 2122 hoc
780 2058 860 2139 loco,
886 2057 940 2141 qui
962 2057 1208 2143 incomparabili
1229 2038 1465 2143 opportunitate
1483 2056 1628 2122 homines

284 2179 460 2244 maritimos
482 2178 612 2244 allicere
636 2178 784 2261 debebat,
811 2178 987 2264 emporium
1009 2178 1161 2244 habuisse
1186 2186 1217 2244 et
1238 2186 1389 2245 consueto
1410 2198 1497 2244 more
1512 2178 1545 2243 in
1561 2198 1629 2243 em-

284 2301 372 2386 porio
395 2300 475 2366 deae
499 2319 577 2364 suae
600 2318 693 2364 sacra
715 2299 936 2366 constituisse:
962 2319 1045 2383 quae
1069 2298 1131 2364 dea
1153 2320 1224 2366 cum
1242 2300 1365 2366 lunaris
1381 2299 1431 2381 sit,
1459 2299 1555 2365 etiam
1571 2319 1630 2364 no-

285 2443 359 2489 men
381 2427 490 2507 portus
514 2419 649 2505 Σελήνης
671 2419 747 2486 hinc
768 2420 923 2504 originem
947 2421 1066 2487 habere
1089 2421 1355 2497 verisimillimum
1379 2427 1438 2486 est.

371 2545 447 2608 Post
469 2542 647 2609 Phoenices
669 2542 724 2626 qui
746 2541 781 2607 in
802 2561 890 2608 mare
906 2541 1042 2607 Sardum
1066 2541 1275 2624 devenerunt,
1301 2542 1466 2607 Iolaenses
1488 2542 1630 2607 afferun-

284 2672 352 2748 tur,
385 2664 508 2729 Iolaum
532 2669 655 2748 patrem
679 2663 839 2745 colentes,
871 2663 1019 2729 Herculis
1042 2663 1133 2748 Tyrii
1156 2664 1319 2745 comitem,
1353 2683 1413 2729 nec
1437 2671 1546 2729 tamen
1568 2663 1630 2746 ipsi

285 2785 431 2867 barbari,
466 2784 524 2850 sed
548 2780 710 2872 βαρβάρων
734 2781 866 2850 σύνοικοι
889 2784 1046 2850 Strabone
1068 2791 1166 2852 teste:
1199 2792 1231 2851 et
1259 2784 1416 2869 quidquid
1444 2784 1485 2850 de
1508 2784 1630 2866 origine

286 2927 395 2972 eorum
419 2905 581 2988 statueris,
610 2906 751 2972 indolem
775 2905 908 2972 Graecis
931 2912 1100 2989 cognatam
1122 2906 1266 2972 indicant
1288 2905 1407 2972 atalia
1429 2912 1566 2990 atquae
1589 2905 1630 2970 de

286 3027 515 3094 daedalearum
546 3027 661 3092 artium
692 3027 807 3111 peritia
822 3026 1015 3093 traduntur,
1063 3026 1186 3094 Certior
1207 3034 1383 3112 temporum
1407 3026 1560 3093 memoria
1582 3027 1632 3091 in-

286 3150 364 3235 cipit
385 3170 405 3214 a
426 3148 678 3214 Phocaeensium
701 3147 858 3230 adventu,
885 3147 940 3232 qui
961 3148 1106 3233 repetitis
1128 3148 1386 3233 expeditionibus
1409 3148 1550 3233 Cyrnum
1574 3168 1632 3233 pe·

285 3271 403 3336 tierant
424 3270 576 3335 insulam.
623 3269 706 3334 Hinc
727 3269 761 3334 in
783 3269 911 3334 Italiam
933 3269 1135 3335 traiecerunt.
1183 3269 1309 3334 Etenim
1341 3269 1395 3354 qui
1425 3269 1506 3334 mari
1529 3269 1631 3353 polle-

287 3392 364 3457 bant
386 3391 496 3476 populi
518 3409 628 3456 omnes
650 3389 685 3454 id
706 3389 846 3468 maxime
870 3397 1069 3472 curaverunt,
1096 3397 1131 3456 ut
1153 3390 1344 3456 continentis
1366 3390 1442 3456 litus
1464 3410 1482 3456 e
1500 3390 1630 3473 regione

286 3512 423 3597 positum
453 3517 660 3597 occuparent:
699 3511 735 3576 id
763 3510 848 3594 quod
878 3510 1012 3594 Rhodii,
1046 3511 1164 3594 Samii,
1200 3511 1308 3577 Lesbii
1339 3510 1492 3577 fecerunt.
1540 3510 1631 3576 Idem

287 3634 509 3699 Phocaeenses
539 3632 655 3698 fecisse
684 3632 861 3698 rectissime
888 3632 1023 3698 coniecit
1044 3632 1213 3715 Millingen
1226 3637 1260 3722 ¹).
1308 3632 1510 3715 Quamquam
1532 3632 1632 3716 igitur

287 3775 392 3820 rerum
415 3754 601 3839 scriptores,
628 3760 663 3820 ut
685 3753 799 3836 solent,
824 3753 906 3818 nihil
929 3753 992 3818 nisi
1014 3753 1222 3819 certaminum
1245 3752 1440 3836 discrimina,
1466 3773 1549 3836 quae
1572 3754 1632 3819 ad-

232 3853 236 3861 ⁴
286 3875 377 3940 venis
399 3875 433 3939 in
455 3875 535 3940 mari
557 3874 693 3940 barbaro
717 3874 864 3939 obeunda
887 3881 993 3956 erant,
1020 3873 1167 3956 tradunt,
1200 3893 1258 3957 per
1278 3879 1376 3940 tutam
1399 3894 1487 3938 oram
1510 3874 1633 3940 mariti-

287 4016 388 4076 mam,
415 4015 498 4078 quae
520 4015 578 4080 per
599 3993 782 4060 Aethaliam
805 3994 943 4059 insulam
966 3995 999 4060 in
1022 3993 1104 4059 duas
1126 3994 1220 4078 quasi
1241 4002 1350 4080 partes
1373 3993 1536 4076 dividitur,
1562 3994 1630 4060 dis-

287 4116 425 4200 ciplinae
449 4115 610 4197 Graecae,
644 4106 727 4199 quae
749 4115 1008 4182 Phocaeensibus
1031 4114 1171 4181 maxime
1194 4114 1389 4198 debebatur,
1415 4115 1555 4199 uestigia
1577 4134 1632 4181 su-

287 4244 421 4321 persunt
442 4237 610 4322 permulta.

373 4359 401 4423 A
432 4357 565 4423 meridie
594 4377 685 4423 orsus
716 4358 814 4423 aliero
837 4358 1044 4423 Telamonem
1075 4359 1180 4423 locum
1209 4356 1348 4422 nranime
1378 4357 1629 4440 memorabilem,

287 4480 378 4545 cuius
408 4478 504 4544 situm
533 4498 605 4543 cum
635 4484 728 4563 portu
756 4478 905 4560 antiquo,
938 4497 1009 4543 cum
1038 4477 1256 4543 fundamentis
1286 4497 1445 4542 murorum
1468 4477 1632 4543 introitum

286 4601 441 4666 tuentium
472 4606 505 4665 et
533 4599 690 4684 sepulcris
720 4598 842 4682 primus
870 4598 1041 4681 descripsit
1061 4599 1266 4682 Francoisll:
1300 4605 1396 4681 atquc
1426 4599 1527 4663 multa
1555 4598 1633 4664 artis

288 4741 401 4806 opera,
435 4739 518 4802 quae
546 4719 719 4785 novissimo
748 4726 890 4804 tempore
920 4719 987 4785 illic
1013 4725 1140 4805 reperta
1162 4738 1234 4784 esse
1257 4717 1423 4800 dicuntur,
1457 4719 1536 4784 satis
1559 4740 1633 4803 pro-

376 5015 391 5076 ¹)
414 5009 646 5067 consideratione
664 5028 691 5082 p.
714 5012 771 5063 163.

374 5098 395 5162 ²)
414 5098 531 5152 Bullctt.
552 5099 616 5152 inst.
637 5097 714 5151 arch.
738 5098 800 5148 1851
822 5112 848 5149 n.
873 5098 895 5150 l.
