4206 6248
627 675 677 729 DE
696 667 864 729 MENELAI
882 671 1091 728 PELAGONIS
1108 671 1259 727 TITULIS
1577 675 1617 737 53

274 872 381 948 neret,
406 864 602 930 Artabazum
624 865 666 930 ab
689 863 941 949 Autophradate,
967 863 1059 929 cuius
1081 862 1229 948 captivus
1251 867 1329 943 erat,
1356 861 1538 942 liberatum,
1565 864 1616 928 oui

274 987 369 1052 facile
399 1006 439 1051 ex
468 985 611 1070 Phrygia
640 985 745 1070 Lydia
774 984 995 1070 Paphlagonia
1023 990 1219 1049 commeatus
1247 989 1506 1067 supportaretur,
1543 987 1648 1049 eum'

274 1107 440 1173 obsidione
469 1106 627 1192 pressisse
655 1112 688 1172 et
715 1105 805 1171 brevi
834 1105 868 1171 in
890 1124 1047 1171 summam
1070 1125 1175 1170 rerum
1197 1092 1452 1171 necessariaium
1473 1104 1615 1191 inopiam

274 1228 462 1294 adduxisse.
509 1227 581 1306 Qua
610 1248 645 1293 re
674 1226 803 1293 tandem
835 1233 1012 1312 permotum
1043 1225 1271 1292 Charidemum
1300 1226 1343 1291 ad
1372 1225 1615 1292 Atheniensium

274 1349 436 1416 civitatem
459 1348 644 1433 confugisse
666 1348 844 1432 litterisque
862 1347 905 1413 ad
920 1346 1168 1431 Cephisodotum
1183 1346 1292 1412 missis
1308 1366 1343 1412 se
1359 1346 1616 1414 Chersonnesnm

273 1470 523 1537 Atheniensibus
545 1475 805 1555 recuperaturum
828 1468 1029 1554 promisisse,
1063 1468 1092 1533 si
1114 1467 1176 1533 sibi
1199 1468 1432 1534 subveniretur.
1479 1467 1545 1534 Sed
1567 1468 1618 1534 ui-

275 1592 320 1656 hil
350 1591 441 1657 aliud
471 1591 503 1657 ei
531 1591 565 1656 in
595 1590 702 1656 auimo
729 1590 831 1656 fuisse
861 1610 957 1674 quarn
979 1589 1230 1655 Atheniensibus
1259 1608 1360 1655 naves
1388 1589 1616 1675 praebentibus
1715 1650 1720 1661 .

278 1708 415 1800 (τριήρων
438 1707 608 1799 εὐπορήσας
630 1712 648 1796 ξ
673 1713 743 1795 156)
771 1733 812 1778 ex
833 1711 913 1776 Asia
934 1709 1101 1793 aufugere.
1140 1710 1341 1776 Memnonem
1363 1717 1470 1776 autem
1493 1711 1618 1777 Mento-

274 1855 421 1918 remque,
455 1833 532 1919 quia
559 1833 641 1898 nihil
670 1832 834 1916 antiquius
862 1831 1020 1898 haberent
1047 1852 1143 1915 quam
1173 1839 1209 1897 ut
1234 1831 1427 1899 Charidemo
1456 1839 1561 1898 amoto
1583 1833 1617 1899 in

275 1976 400 2022 summa
422 1954 595 2022 securitate
616 1955 713 2020 rebus
736 1954 803 2019 suis
825 1953 888 2018 frui
911 1952 973 2018 sibi
995 1952 1122 2034 liceret,
1148 1952 1351 2037 persuasisse
1373 1953 1549 2038 Artabazo,
1582 1962 1618 2021 ut

270 2053 501 2143 Charidemum
531 2075 749 2159 dimitteret¹).
803 2076 841 2140 In
869 2074 931 2140 hae
958 2073 1141 2140 narratione
1171 2073 1500 2159 compluriainsuut,
1533 2095 1616 2159 quac

274 2219 345 2264 earu
374 2196 545 2280 causidici,
579 2217 642 2262 non
670 2216 775 2262 rerum
805 2202 968 2280 gestarum
997 2194 1159 2280 scripturis
1186 2211 1259 2259 esse
1288 2202 1443 2278 arguant;
1475 2196 1616 2263 maxime

273 2339 348 2384 vero
377 2318 411 2384 id
441 2317 631 2384 incredibile
659 2317 800 2399 videtur,
833 2317 1034 2383 Memnonem
1057 2316 1313 2398 Mentoremque,
1346 2335 1426 2400 quos
1448 2316 1618 2401 haudqua-

273 2460 370 2523 quam
397 2439 533 2524 ignavos
561 2437 706 2504 homines
735 2437 837 2503 fuisse
858 2437 1058 2529 insequentis
1080 2436 1196 2502 aetatis
1219 2456 1271 2502 res
1292 2444 1404 2520 gestae
1428 2437 1617 2507 documento

273 2569 356 2642 sunt,
382 2559 622 2642 Charidemum,
647 2580 742 2643 quem
765 2559 932 2624 obsessum
953 2558 1107 2624 tenebant
1129 2564 1161 2624 et
1182 2596 1225 2605 —
1246 2565 1282 2624 ut
1295 2558 1531 2625 Demosthenes
1546 2561 1617 2646 ipse

272 2681 401 2766 quidem
424 2687 533 2747 narrat
553 2718 596 2727 —
617 2681 682 2745 iam
698 2679 741 2746 ad
756 2700 912 2746 summam
928 2679 1185 2765 desperationem
1201 2677 1402 2763 redegerant,
1429 2698 1489 2746 sua
1503 2689 1617 2767 sponte
1726 2759 1728 2765 ¹

272 2803 435 2869 dimisisse
457 2809 610 2886 utquam
632 2801 768 2887 primum
791 2800 932 2886 periculo
955 2801 1138 2867 levarentur
1160 2808 1192 2866 et
1214 2799 1277 2866 otio
1300 2806 1473 2866 uterentur.
1513 2801 1615 2881 Quem

272 2925 371 3008 igitur
385 2944 430 2989 eo
446 2942 555 3007 ,usque
577 2941 702 2987 summa
723 2921 757 2986 ri
778 2921 1055 3007 impugnaverant,
1082 2942 1155 2987 eum
1177 2927 1255 3004 tum,
1281 2941 1353 2988 oum
1376 2921 1464 2989 facili
1487 2924 1616 3007 negotio

273 3045 427 3111 conficere
450 3049 592 3130 possent,
618 3042 723 3108 subito
745 3048 888 3108 metuere
910 3046 1097 3128 coeperunt!
1136 3043 1236 3107 Immo
1259 3043 1355 3127 longe
1377 3044 1444 3109 alia
1465 3065 1500 3111 re
1520 3046 1617 3112 Arta-

272 3168 373 3232 bazus
395 3171 557 3252 permotus
579 3170 638 3246 est,
664 3168 699 3228 ut
714 3162 941 3230 Charidemum
962 3163 1153 3229 incolumem
1169 3164 1258 3231 abire
1274 3170 1455 3249 pateretur:
1481 3175 1617 3253 apparet

274 3289 358 3354 enim
374 3309 414 3353 ex
429 3287 502 3372 ipsa
516 3283 742 3351 Demosthenis
757 3283 949 3366 narratione,
971 3293 1045 3368 post
1060 3284 1245 3352 Charidemi
1260 3285 1431 3371 epistulam
1448 3295 1615 3374 acceptam

249 3408 488 3489 Athenienses
516 3426 552 3472 re
574 3425 651 3471 vera
673 3404 911 3491 expeditionem
933 3406 1083 3471 navalem
1104 3406 1139 3470 in
1161 3406 1219 3471 illa
1241 3407 1313 3472 loca
1334 3408 1461 3474 misisse
1469 3410 1507 3493 Ι).
1555 3409 1615 3476 Cui

240 3500 246 3510 ⁸
272 3550 336 3595 non
357 3528 393 3594 id
414 3527 510 3593 modo
532 3526 653 3610 negotii
675 3525 777 3591 fuisse
799 3532 886 3611 puto,
913 3532 948 3591 ut
970 3527 1198 3593 Charidemum
1222 3548 1293 3593 curu
1315 3528 1471 3595 militibus
1492 3530 1527 3595 iu
1549 3530 1616 3597 Eu-

272 3671 381 3736 ropam
409 3653 657 3734 transportaret,
694 3647 753 3713 sed
786 3653 821 3714 ut
849 3648 1028 3714 Artabazus
1058 3648 1303 3714 Atheniensium
1333 3657 1420 3716 metu
1450 3658 1616 3736 cogeretur

271 3771 363 3836 illum
385 3769 556 3836 dimittere.
595 3769 709 3852 Neque
730 3788 806 3834 vero
828 3767 1073 3835 Atheniensium
1095 3770 1249 3837 intererat
1271 3771 1400 3856 oppida,
1427 3792 1510 3855 quae
1528 3773 1615 3839 Cha-

272 3891 414 3958 ridemus
436 3891 609 3974 tenuisset,
642 3889 804 3956 Artabazo
833 3888 944 3970 reddi3
977 3890 1093 3974 quibus
1115 3892 1193 3974 quid
1216 3891 1335 3958 laetum
1359 3893 1401 3958 sit
1421 3913 1526 3978 neque
1548 3893 1616 3959 De-

273 4013 455 4079 mosthenes
477 4018 585 4077 namet
606 4031 711 4096 neque
732 4010 864 4077 aliunde
887 4011 1016 4076 seimus.
1064 4012 1130 4078 Sed
1152 4012 1263 4096 quidni
1285 4021 1481 4098 statuamus,
1514 4015 1616 4081 Athe-

272 4135 401 4201 nienses
424 4154 464 4200 ea
485 4132 670 4200 condicione
685 4153 799 4218 pacem
812 4131 897 4198 inter
910 4131 1105 4198 Artabazum
1121 4139 1153 4199 et
1168 4134 1395 4200 Charidemum
1411 4135 1612 4219 conciliasse,

272 4464 297 4501 e.
315 4449 336 4500 1.
357 4446 492 4516 Polyaeui
510 4450 591 4500 strat.
612 4443 661 4509 ΙΙΙ,
678 4446 718 4509 lt,
739 4444 775 4499 dc
793 4443 960 4513 oppidorum
979 4450 1124 4514 captorum
1142 4443 1307 4501 defensione
1325 4444 1616 4502 Pseudo-Aristotelis

272 4534 375 4589 Oecon.
396 4531 424 4587 ll
441 4551 474 4602 p..
492 4531 572 4584 rosrb
592 4532 622 4582 19
635 4548 697 4601 sqq.
734 4531 811 4597 Quos
833 4547 929 4585 omnes
948 4530 1025 4585 locos
1044 4531 1142 4587 attulit
1159 4532 1292 4588 Valesius
1310 4535 1346 4589 ad
1365 4533 1614 4603 Harpocrationem

271 4638 295 4676 s.
315 4638 343 4675 v.
363 4616 486 4690 Κεβρῆνα
508 4619 582 4685 (Vol.
601 4616 628 4671 Π
647 4634 674 4688 p.
695 4617 897 4672 obaeditionis
916 4617 1056 4672 Dindorfii
1075 4618 1263 4686 0x0niensis).

360 4707 376 4771 ¹)
398 4705 487 4761 Gesta
504 4710 570 4760 sunt
587 4705 658 4759 haec
676 4704 769 4758 omnia
786 4720 859 4758 auno
877 4704 928 4754 359
946 4721 972 4757 a.
992 4703 1058 4759 Chr.
1082 4703 1227 4770 (Schaefcr
1246 4706 1384 4759 Demertlr.
1406 4707 1419 4760 Ι
1437 4724 1466 4777 p.
1488 4709 1557 4773 137).

357 4792 377 4857 Ι)
397 4793 440 4847 Er
461 4791 587 4847 eiusdem
605 4791 741 4846 orationis
759 4791 772 4858 t
792 4791 840 4842 163
863 4790 1039 4858 intellegitur
1056 4792 1279 4862 Cephisodotum
1304 4794 1394 4860 ipsum
1417 4793 1615 4863 imperatorem

272 4886 330 4936 tum
348 4879 458 4933 demum
476 4879 505 4933 in
523 4877 737 4947 Hellespontum
755 4876 883 4942 venissel,
903 4892 965 4931 cum
983 4877 1168 4933 Charidemus
1187 4879 1242 4934 iam
1264 4880 1397 4935 dimissus
1415 4880 1452 4935 ab
1470 4877 1615 4935 Artabazo

270 4968 299 5022 in
318 4966 459 5036 Europam
478 4965 651 5029 transiissem
677 4965 728 5020 scd
747 4968 842 5035 potest
865 4963 968 5034 aliquis
986 4979 1048 5019 cum
1066 4969 1146 5036 parte
1164 4966 1308 5036 copiarum
1326 4967 1497 5037 praemissus
1515 4965 1611 5031 luisse,

270 5054 318 5123 qui
330 5050 475 5108 Artabazo
492 5052 680 5116 denuntiaret,
702 5058 733 5107 ut
750 5069 767 5106 a
785 5049 943 5107 Charidemi
961 5053 1171 5120 oppugnatione
1191 5053 1351 5110 desisteret.
1378 5053 1406 5109 ls
1424 5052 1546 5110 tortasse
1558 5053 1615 5109 Me

270 5140 369 5195 uelaus
387 5137 451 5194 fuit.
