<?xml version="1.0" encoding="UTF-8"?>
<!DOCTYPE html PUBLIC "-//W3C//DTD XHTML 1.0 Transitional//EN"
    "http://www.w3.org/TR/xhtml1/DTD/xhtml1-transitional.dtd">
<html xmlns="http://www.w3.org/1999/xhtml" xml:lang="en" lang="en">
 <head>
  <title>
</title>
<meta http-equiv="Content-Type" content="text/html;charset=utf-8" />
  <meta name='ocr-system' content='tesseract 3.04.00' />
  <meta name='ocr-capabilities' content='ocr_page ocr_carea ocr_par ocr_line ocrx_word'/>
</head>
<body>
  <div class='ocr_page' id='page_1' title='image "./satvraphilologa00unkngoog_0092.png"; bbox 0 0 4206 6248; ppageno 0'>
   <div class='ocr_carea' id='block_1_1' title="bbox 469 715 1592 783">
    <p class='ocr_par' dir='ltr' id='par_1_1' title="bbox 469 715 1592 783">
     <span class='ocr_line' id='line_1_1' title="bbox 469 715 1592 783; baseline 0.004 -12"><span class='ocrx_word' id='word_1_1' title='bbox 469 716 519 771; x_wconf 85' lang='lat' dir='ltr'>DE</span> <span class='ocrx_word' id='word_1_2' title='bbox 538 715 817 783; x_wconf 78' lang='lat' dir='ltr'>ANTroursslnsss</span> <span class='ocrx_word' id='word_1_3' title='bbox 836 717 989 773; x_wconf 73' lang='lat' dir='ltr'>Nouimus</span> <span class='ocrx_word' id='word_1_4' title='bbox 1009 717 1211 772; x_wconf 81' lang='lat' dir='ltr'>llELLENlDl</span> <span class='ocrx_word' id='word_1_5' title='bbox 1231 715 1388 772; x_wconf 83' lang='lat' dir='ltr'>SEDlBUS</span> <span class='ocrx_word' id='word_1_6' title='bbox 1557 716 1592 778; x_wconf 85' lang='lat'>81</span> 
     </span>
    </p>
   </div>
   <div class='ocr_carea' id='block_1_2' title="bbox 225 906 1608 3656">
    <p class='ocr_par' dir='ltr' id='par_1_2' title="bbox 256 906 1600 1356">
     <span class='ocr_line' id='line_1_2' title="bbox 256 906 1599 992; baseline -0.003 -19"><span class='ocrx_word' id='word_1_7' title='bbox 256 907 379 991; x_wconf 83' lang='lat' dir='ltr'>origine</span> <span class='ocrx_word' id='word_1_8' title='bbox 401 908 521 973; x_wconf 88' lang='lat' dir='ltr'>oraculi</span> <span class='ocrx_word' id='word_1_9' title='bbox 544 907 709 972; x_wconf 89' lang='lat' dir='ltr'>Dodonaci</span> <span class='ocrx_word' id='word_1_10' title='bbox 733 907 892 992; x_wconf 83' lang='lat' dir='ltr'>prodidit,</span> <span class='ocrx_word' id='word_1_11' title='bbox 925 906 1108 973; x_wconf 76' lang='lat' dir='ltr'>Aristotelis</span> <span class='ocrx_word' id='word_1_12' title='bbox 1138 907 1277 990; x_wconf 79' lang='lat' dir='ltr'>vestigia</span> <span class='ocrx_word' id='word_1_13' title='bbox 1303 913 1504 992; x_wconf 86' lang='lat' dir='ltr'>persecutum</span> <span class='ocrx_word' id='word_1_14' title='bbox 1528 926 1599 972; x_wconf 87' lang='lat' dir='ltr'>essc</span> 
     </span>
     <span class='ocr_line' id='line_1_3' title="bbox 258 1027 1600 1112; baseline 0 -20"><span class='ocrx_word' id='word_1_15' title='bbox 258 1028 460 1094; x_wconf 89' lang='lat' dir='ltr'>manifestum</span> <span class='ocrx_word' id='word_1_16' title='bbox 495 1036 554 1095; x_wconf 87' lang='lat' dir='ltr'>est.</span> <span class='ocrx_word' id='word_1_17' title='bbox 605 1029 706 1093; x_wconf 88' lang='lat' dir='ltr'>Immo</span> <span class='ocrx_word' id='word_1_18' title='bbox 739 1034 870 1112; x_wconf 88' lang='lat' dir='ltr'>uterque</span> <span class='ocrx_word' id='word_1_19' title='bbox 905 1027 1040 1093; x_wconf 87' lang='lat' dir='ltr'>eandem</span> <span class='ocrx_word' id='word_1_20' title='bbox 1075 1027 1194 1092; x_wconf 83' lang='lat' dir='ltr'>sauram</span> <span class='ocrx_word' id='word_1_21' title='bbox 1228 1034 1359 1092; x_wconf 87' lang='lat' dir='ltr'>secutus</span> <span class='ocrx_word' id='word_1_22' title='bbox 1393 1028 1435 1093; x_wconf 92' lang='lat' dir='ltr'>sit</span> <span class='ocrx_word' id='word_1_23' title='bbox 1466 1048 1600 1096; x_wconf 83' lang='lat' dir='ltr'>necesse</span> 
     </span>
     <span class='ocr_line' id='line_1_4' title="bbox 258 1148 1600 1234; baseline -0.001 -20"><span class='ocrx_word' id='word_1_24' title='bbox 258 1156 324 1231; x_wconf 88' lang='lat' dir='ltr'>est,</span> <span class='ocrx_word' id='word_1_25' title='bbox 357 1170 452 1232; x_wconf 88' lang='lat' dir='ltr'>quam</span> <span class='ocrx_word' id='word_1_26' title='bbox 483 1149 515 1214; x_wconf 93' lang='lat' dir='ltr'>in</span> <span class='ocrx_word' id='word_1_27' title='bbox 539 1149 635 1234; x_wconf 86' lang='lat' dir='ltr'><strong>Epiro</strong></span> <span class='ocrx_word' id='word_1_28' title='bbox 665 1156 713 1232; x_wconf 90' lang='lat' dir='ltr'>et,</span> <span class='ocrx_word' id='word_1_29' title='bbox 746 1155 780 1214; x_wconf 88' lang='lat' dir='ltr'>ut</span> <span class='ocrx_word' id='word_1_30' title='bbox 809 1149 995 1215; x_wconf 90' lang='lat' dir='ltr'>adcuratius</span> <span class='ocrx_word' id='word_1_31' title='bbox 1018 1149 1145 1232; x_wconf 88' lang='lat' dir='ltr'>loquar,</span> <span class='ocrx_word' id='word_1_32' title='bbox 1178 1148 1261 1214; x_wconf 88' lang='lat' dir='ltr'>inter</span> <span class='ocrx_word' id='word_1_33' title='bbox 1284 1148 1475 1213; x_wconf 88' lang='lat' dir='ltr'>Dodonacos</span> <span class='ocrx_word' id='word_1_34' title='bbox 1499 1155 1600 1213; x_wconf 88' lang='lat' dir='ltr'>ortam</span> 
     </span>
     <span class='ocr_line' id='line_1_5' title="bbox 258 1271 601 1356; baseline 0 -21"><span class='ocrx_word' id='word_1_35' title='bbox 258 1290 331 1336; x_wconf 88' lang='lat' dir='ltr'>csse</span> <span class='ocrx_word' id='word_1_36' title='bbox 353 1271 518 1356; x_wconf 80' lang='lat' dir='ltr'>probabile</span> <span class='ocrx_word' id='word_1_37' title='bbox 541 1277 601 1336; x_wconf 87' lang='lat' dir='ltr'>est.</span> 
     </span>
    </p>

    <p class='ocr_par' dir='ltr' id='par_1_3' title="bbox 258 1389 1606 2425">
     <span class='ocr_line' id='line_1_6' title="bbox 345 1389 1602 1474; baseline 0 -19"><span class='ocrx_word' id='word_1_38' title='bbox 345 1392 436 1457; x_wconf 87' lang='lat' dir='ltr'>Hanc</span> <span class='ocrx_word' id='word_1_39' title='bbox 457 1412 533 1457; x_wconf 87' lang='lat' dir='ltr'>vero</span> <span class='ocrx_word' id='word_1_40' title='bbox 558 1391 699 1457; x_wconf 88' lang='lat' dir='ltr'>fabulam</span> <span class='ocrx_word' id='word_1_41' title='bbox 723 1391 852 1457; x_wconf 88' lang='lat' dir='ltr'>saeculo</span> <span class='ocrx_word' id='word_1_42' title='bbox 875 1392 986 1473; x_wconf 85' lang='lat' dir='ltr'>quinto</span> <span class='ocrx_word' id='word_1_43' title='bbox 1009 1398 1145 1456; x_wconf 82' lang='lat' dir='ltr'>excunte</span> <span class='ocrx_word' id='word_1_44' title='bbox 1168 1411 1230 1455; x_wconf 92' lang='lat' dir='ltr'>non</span> <span class='ocrx_word' id='word_1_45' title='bbox 1249 1389 1459 1474; x_wconf 82' lang='lat' dir='ltr'>antiquiorem</span> <span class='ocrx_word' id='word_1_46' title='bbox 1475 1409 1547 1456; x_wconf 87' lang='lat' dir='ltr'>csse</span> <span class='ocrx_word' id='word_1_47' title='bbox 1563 1410 1602 1455; x_wconf 90' lang='lat' dir='ltr'>ea</span> 
     </span>
     <span class='ocr_line' id='line_1_7' title="bbox 258 1510 1602 1597; baseline -0.001 -21"><span class='ocrx_word' id='word_1_48' title='bbox 258 1511 397 1578; x_wconf 82' lang='lat' dir='ltr'>maxime</span> <span class='ocrx_word' id='word_1_49' title='bbox 427 1513 579 1597; x_wconf 89' lang='lat' dir='ltr'>probant,</span> <span class='ocrx_word' id='word_1_50' title='bbox 613 1532 695 1594; x_wconf 89' lang='lat' dir='ltr'>quae</span> <span class='ocrx_word' id='word_1_51' title='bbox 718 1512 898 1577; x_wconf 89' lang='lat' dir='ltr'>Herodotus</span> <span class='ocrx_word' id='word_1_52' title='bbox 921 1513 952 1575; x_wconf 93' lang='lat' dir='ltr'>ll</span> <span class='ocrx_word' id='word_1_53' title='bbox 976 1518 1015 1574; x_wconf 92' lang='grc'>55</span> <span class='ocrx_word' id='word_1_54' title='bbox 1033 1531 1101 1595; x_wconf 89' lang='lat' dir='ltr'>sqq.</span> <span class='ocrx_word' id='word_1_55' title='bbox 1129 1511 1169 1577; x_wconf 89' lang='lat' dir='ltr'>dc</span> <span class='ocrx_word' id='word_1_56' title='bbox 1199 1510 1321 1594; x_wconf 84' lang='lat' dir='ltr'>origine</span> <span class='ocrx_word' id='word_1_57' title='bbox 1352 1512 1472 1576; x_wconf 90' lang='lat' dir='ltr'>oraculi</span> <span class='ocrx_word' id='word_1_58' title='bbox 1495 1511 1602 1576; x_wconf 93' lang='lat' dir='ltr'>Dodo-</span> 
     </span>
     <span class='ocr_line' id='line_1_8' title="bbox 259 1631 1601 1718; baseline 0 -21"><span class='ocrx_word' id='word_1_59' title='bbox 259 1635 331 1698; x_wconf 89' lang='lat' dir='ltr'>naci</span> <span class='ocrx_word' id='word_1_60' title='bbox 354 1655 374 1698; x_wconf 89' lang='lat' dir='ltr'>a</span> <span class='ocrx_word' id='word_1_61' title='bbox 397 1632 616 1698; x_wconf 87' lang='lat' dir='ltr'>sacerdotibus</span> <span class='ocrx_word' id='word_1_62' title='bbox 639 1633 822 1699; x_wconf 85' lang='lat' dir='ltr'>Dodonaeis</span> <span class='ocrx_word' id='word_1_63' title='bbox 852 1640 983 1718; x_wconf 86' lang='lat' dir='ltr'>accepta</span> <span class='ocrx_word' id='word_1_64' title='bbox 1014 1633 1198 1698; x_wconf 85' lang='lat' dir='ltr'>dubitanter</span> <span class='ocrx_word' id='word_1_65' title='bbox 1226 1631 1334 1697; x_wconf 86' lang='lat' dir='ltr'>refert.</span> <span class='ocrx_word' id='word_1_66' title='bbox 1381 1633 1494 1716; x_wconf 86' lang='lat' dir='ltr'>Neque</span> <span class='ocrx_word' id='word_1_67' title='bbox 1518 1633 1601 1697; x_wconf 92' lang='lat' dir='ltr'>enim</span> 
     </span>
     <span class='ocr_line' id='line_1_9' title="bbox 260 1753 1603 1837; baseline -0.001 -18"><span class='ocrx_word' id='word_1_68' title='bbox 260 1754 308 1819; x_wconf 90' lang='lat' dir='ltr'>vir</span> <span class='ocrx_word' id='word_1_69' title='bbox 330 1754 404 1818; x_wconf 88' lang='lat' dir='ltr'>novi</span> <span class='ocrx_word' id='word_1_70' title='bbox 431 1761 464 1820; x_wconf 90' lang='lat' dir='ltr'>et</span> <span class='ocrx_word' id='word_1_71' title='bbox 485 1755 552 1819; x_wconf 80' lang='lat' dir='ltr'>ucri</span> <span class='ocrx_word' id='word_1_72' title='bbox 576 1755 721 1820; x_wconf 86' lang='lat' dir='ltr'>curiosus</span> <span class='ocrx_word' id='word_1_73' title='bbox 744 1754 941 1837; x_wconf 75' lang='lat' dir='ltr'>reticuisset,</span> <span class='ocrx_word' id='word_1_74' title='bbox 975 1754 1002 1817; x_wconf 92' lang='lat' dir='ltr'>si</span> <span class='ocrx_word' id='word_1_75' title='bbox 1028 1761 1085 1819; x_wconf 90' lang='lat' dir='ltr'>ant</span> <span class='ocrx_word' id='word_1_76' title='bbox 1105 1753 1261 1818; x_wconf 81' lang='lat' dir='ltr'>Dodonae</span> <span class='ocrx_word' id='word_1_77' title='bbox 1283 1761 1339 1819; x_wconf 88' lang='lat' dir='ltr'>aut</span> <span class='ocrx_word' id='word_1_78' title='bbox 1361 1753 1491 1819; x_wconf 88' lang='lat' dir='ltr'>aliunde</span> <span class='ocrx_word' id='word_1_79' title='bbox 1515 1775 1603 1819; x_wconf 89' lang='lat' dir='ltr'>cour-</span> 
     </span>
     <span class='ocr_line' id='line_1_10' title="bbox 260 1874 1603 1961; baseline -0.001 -21"><span class='ocrx_word' id='word_1_80' title='bbox 260 1875 398 1961; x_wconf 87' lang='lat' dir='ltr'>perissct</span> <span class='ocrx_word' id='word_1_81' title='bbox 426 1895 498 1941; x_wconf 89' lang='lat' dir='ltr'>esse</span> <span class='ocrx_word' id='word_1_82' title='bbox 528 1876 583 1958; x_wconf 91' lang='lat' dir='ltr'>qui</span> <span class='ocrx_word' id='word_1_83' title='bbox 605 1876 726 1940; x_wconf 90' lang='lat' dir='ltr'>oraculi</span> <span class='ocrx_word' id='word_1_84' title='bbox 749 1875 903 1959; x_wconf 82' lang='lat' dir='ltr'>originem</span> <span class='ocrx_word' id='word_1_85' title='bbox 928 1874 970 1938; x_wconf 86' lang='lat' dir='ltr'>ad</span> <span class='ocrx_word' id='word_1_86' title='bbox 992 1874 1223 1940; x_wconf 84' lang='lat' dir='ltr'>Deucalionem</span> <span class='ocrx_word' id='word_1_87' title='bbox 1246 1875 1419 1958; x_wconf 82' lang='lat' dir='ltr'>referrent,</span> <span class='ocrx_word' id='word_1_88' title='bbox 1453 1896 1546 1960; x_wconf 88' lang='lat' dir='ltr'>quem</span> <span class='ocrx_word' id='word_1_89' title='bbox 1569 1875 1603 1940; x_wconf 93' lang='lat' dir='ltr'>in</span> 
     </span>
     <span class='ocr_line' id='line_1_11' title="bbox 260 1981 1604 2080; baseline 0 -20"><span class='ocrx_word' id='word_1_90' title='bbox 260 1997 443 2062; x_wconf 88' lang='lat' dir='ltr'>Phthiotide</span> <span class='ocrx_word' id='word_1_91' title='bbox 466 2016 620 2079; x_wconf 81' lang='lat' dir='ltr'>regnasse</span> <span class='ocrx_word' id='word_1_92' title='bbox 636 1997 692 2061; x_wconf 91' lang='lat' dir='ltr'>lih.</span> <span class='ocrx_word' id='word_1_93' title='bbox 711 1997 726 2060; x_wconf 94' lang='lat' dir='ltr'>I</span> <span class='ocrx_word' id='word_1_94' title='bbox 742 2000 783 2059; x_wconf 83' lang='grc'>56</span> <span class='ocrx_word' id='word_1_95' title='bbox 799 1995 917 2061; x_wconf 83' lang='lat' dir='ltr'>diserto</span> <span class='ocrx_word' id='word_1_96' title='bbox 937 1994 1043 2060; x_wconf 85' lang='lat' dir='ltr'>tradit.</span> <span class='ocrx_word' id='word_1_97' title='bbox 1091 1981 1229 2077; x_wconf 72' lang='lat' dir='ltr'>Clarius</span> <span class='ocrx_word' id='word_1_98' title='bbox 1248 1995 1283 2060; x_wconf 91' lang='lat' dir='ltr'>ni</span> <span class='ocrx_word' id='word_1_99' title='bbox 1299 1995 1403 2077; x_wconf 89' lang='lat' dir='ltr'>fallor,</span> <span class='ocrx_word' id='word_1_100' title='bbox 1430 2003 1463 2062; x_wconf 88' lang='lat' dir='ltr'>et</span> <span class='ocrx_word' id='word_1_101' title='bbox 1477 1996 1604 2080; x_wconf 89' lang='lat' dir='ltr'>quando</span> 
     </span>
     <span class='ocr_line' id='line_1_12' title="bbox 261 2117 1601 2201; baseline -0.001 -19"><span class='ocrx_word' id='word_1_102' title='bbox 261 2124 293 2183; x_wconf 90' lang='lat' dir='ltr'>et</span> <span class='ocrx_word' id='word_1_103' title='bbox 322 2118 407 2183; x_wconf 88' lang='lat' dir='ltr'>uude</span> <span class='ocrx_word' id='word_1_104' title='bbox 437 2118 548 2182; x_wconf 86' lang='lat' dir='ltr'>fabula</span> <span class='ocrx_word' id='word_1_105' title='bbox 570 2118 609 2182; x_wconf 88' lang='lat' dir='ltr'>de</span> <span class='ocrx_word' id='word_1_106' title='bbox 633 2117 766 2182; x_wconf 90' lang='lat' dir='ltr'>sedibus</span> <span class='ocrx_word' id='word_1_107' title='bbox 788 2117 957 2201; x_wconf 77' lang='lat' dir='ltr'>Epiroticis</span> <span class='ocrx_word' id='word_1_108' title='bbox 980 2117 1187 2181; x_wconf 86' lang='lat' dir='ltr'>Deucalionis</span> <span class='ocrx_word' id='word_1_109' title='bbox 1209 2123 1242 2182; x_wconf 88' lang='lat' dir='ltr'>et</span> <span class='ocrx_word' id='word_1_110' title='bbox 1263 2117 1435 2182; x_wconf 90' lang='lat' dir='ltr'>Hellenum</span> <span class='ocrx_word' id='word_1_111' title='bbox 1458 2124 1527 2183; x_wconf 89' lang='lat' dir='ltr'>orta</span> <span class='ocrx_word' id='word_1_112' title='bbox 1549 2117 1601 2201; x_wconf 90' lang='lat' dir='ltr'>sit,</span> 
     </span>
     <span class='ocr_line' id='line_1_13' title="bbox 260 2236 1606 2323; baseline 0 -20"><span class='ocrx_word' id='word_1_113' title='bbox 260 2238 444 2323; x_wconf 88' lang='lat' dir='ltr'>adparebit,</span> <span class='ocrx_word' id='word_1_114' title='bbox 476 2239 504 2303; x_wconf 92' lang='lat' dir='ltr'>si</span> <span class='ocrx_word' id='word_1_115' title='bbox 526 2238 712 2304; x_wconf 88' lang='lat' dir='ltr'>adcuratius</span> <span class='ocrx_word' id='word_1_116' title='bbox 742 2238 1050 2321; x_wconf 83' lang='lat' dir='ltr'>examinaverimus,</span> <span class='ocrx_word' id='word_1_117' title='bbox 1084 2258 1166 2321; x_wconf 89' lang='lat' dir='ltr'>quae</span> <span class='ocrx_word' id='word_1_118' title='bbox 1190 2236 1230 2303; x_wconf 91' lang='lat' dir='ltr'>dc</span> <span class='ocrx_word' id='word_1_119' title='bbox 1254 2238 1352 2323; x_wconf 87' lang='lat' dir='ltr'>stirpe</span> <span class='ocrx_word' id='word_1_120' title='bbox 1375 2239 1465 2322; x_wconf 83' lang='lat' dir='ltr'>regia</span> <span class='ocrx_word' id='word_1_121' title='bbox 1487 2238 1606 2303; x_wconf 90' lang='lat' dir='ltr'>Molos-</span> 
     </span>
     <span class='ocr_line' id='line_1_14' title="bbox 262 2358 569 2425; baseline 0.007 -2"><span class='ocrx_word' id='word_1_122' title='bbox 262 2378 367 2424; x_wconf 88' lang='lat' dir='ltr'>sorum</span> <span class='ocrx_word' id='word_1_123' title='bbox 390 2358 569 2425; x_wconf 88' lang='lat' dir='ltr'>traduntur.</span> 
     </span>
    </p>

    <p class='ocr_par' dir='ltr' id='par_1_4' title="bbox 225 2479 1608 3656">
     <span class='ocr_line' id='line_1_15' title="bbox 348 2479 1601 2565; baseline 0 -21"><span class='ocrx_word' id='word_1_124' title='bbox 348 2479 534 2545; x_wconf 88' lang='lat' dir='ltr'>Stemmatis</span> <span class='ocrx_word' id='word_1_125' title='bbox 565 2480 644 2564; x_wconf 87' lang='lat' dir='ltr'>regii</span> <span class='ocrx_word' id='word_1_126' title='bbox 667 2481 876 2546; x_wconf 88' lang='lat' dir='ltr'>Molossorum</span> <span class='ocrx_word' id='word_1_127' title='bbox 905 2479 967 2545; x_wconf 85' lang='lat' dir='ltr'>tria</span> <span class='ocrx_word' id='word_1_128' title='bbox 995 2479 1037 2544; x_wconf 90' lang='lat' dir='ltr'>ad</span> <span class='ocrx_word' id='word_1_129' title='bbox 1066 2500 1126 2545; x_wconf 92' lang='lat' dir='ltr'>nos</span> <span class='ocrx_word' id='word_1_130' title='bbox 1155 2487 1371 2565; x_wconf 88' lang='lat' dir='ltr'>pervenerunt</span> <span class='ocrx_word' id='word_1_131' title='bbox 1393 2480 1601 2564; x_wconf 87' lang='lat' dir='ltr'>exemplaria,</span> 
     </span>
     <span class='ocr_line' id='line_1_16' title="bbox 262 2600 1605 2686; baseline 0 -21"><span class='ocrx_word' id='word_1_132' title='bbox 262 2621 394 2683; x_wconf 89' lang='lat' dir='ltr'>quorum</span> <span class='ocrx_word' id='word_1_133' title='bbox 424 2601 560 2686; x_wconf 89' lang='lat' dir='ltr'>primum</span> <span class='ocrx_word' id='word_1_134' title='bbox 584 2602 776 2667; x_wconf 84' lang='lat' dir='ltr'>Plutarchus</span> <span class='ocrx_word' id='word_1_135' title='bbox 808 2600 975 2686; x_wconf 82' lang='lat' dir='ltr'>praemisit</span> <span class='ocrx_word' id='word_1_136' title='bbox 1002 2601 1087 2666; x_wconf 85' lang='lat' dir='ltr'>vitae</span> <span class='ocrx_word' id='word_1_137' title='bbox 1115 2601 1246 2686; x_wconf 84' lang='lat' dir='ltr'>Pyrrhi,</span> <span class='ocrx_word' id='word_1_138' title='bbox 1279 2602 1415 2666; x_wconf 86' lang='lat' dir='ltr'>alterum</span> <span class='ocrx_word' id='word_1_139' title='bbox 1445 2623 1485 2667; x_wconf 81' lang='lat' dir='ltr'>cx</span> <span class='ocrx_word' id='word_1_140' title='bbox 1508 2601 1605 2685; x_wconf 79' lang='lat' dir='ltr'>Trogi</span> 
     </span>
     <span class='ocr_line' id='line_1_17' title="bbox 263 2722 1605 2807; baseline 0.001 -21"><span class='ocrx_word' id='word_1_141' title='bbox 263 2722 407 2806; x_wconf 91' lang='lat' dir='ltr'>Pompeii</span> <span class='ocrx_word' id='word_1_142' title='bbox 430 2722 573 2788; x_wconf 90' lang='lat' dir='ltr'>historiis</span> <span class='ocrx_word' id='word_1_143' title='bbox 596 2722 786 2807; x_wconf 86' lang='lat' dir='ltr'>Philippicis</span> <span class='ocrx_word' id='word_1_144' title='bbox 809 2722 969 2807; x_wconf 83' lang='lat' dir='ltr'>excerpsit</span> <span class='ocrx_word' id='word_1_145' title='bbox 991 2722 1133 2787; x_wconf 90' lang='lat' dir='ltr'>lustinus</span> <span class='ocrx_word' id='word_1_146' title='bbox 1160 2723 1262 2807; x_wconf 83' lang='lat' dir='ltr'>(XVII</span> <span class='ocrx_word' id='word_1_147' title='bbox 1286 2723 1338 2806; x_wconf 87' lang='lat'>3),</span> <span class='ocrx_word' id='word_1_148' title='bbox 1372 2722 1501 2787; x_wconf 87' lang='lat' dir='ltr'>tertium</span> <span class='ocrx_word' id='word_1_149' title='bbox 1524 2723 1605 2787; x_wconf 89' lang='lat' dir='ltr'>libro</span> 
     </span>
     <span class='ocr_line' id='line_1_18' title="bbox 262 2842 1602 2926; baseline 0 -19"><span class='ocrx_word' id='word_1_150' title='bbox 262 2863 320 2907; x_wconf 89' lang='lat' dir='ltr'>suo</span> <span class='ocrx_word' id='word_1_151' title='bbox 351 2842 486 2908; x_wconf 88' lang='lat' dir='ltr'>inseruit</span> <span class='ocrx_word' id='word_1_152' title='bbox 507 2843 687 2908; x_wconf 88' lang='lat' dir='ltr'>Pausanias</span> <span class='ocrx_word' id='word_1_153' title='bbox 714 2844 738 2926; x_wconf 85' lang='lat' dir='ltr'>(l</span> <span class='ocrx_word' id='word_1_154' title='bbox 765 2847 828 2925; x_wconf 86' lang='lat' dir='ltr'>ll).</span> <span class='ocrx_word' id='word_1_155' title='bbox 876 2843 959 2907; x_wconf 86' lang='lat' dir='ltr'>Nam</span> <span class='ocrx_word' id='word_1_156' title='bbox 989 2862 1072 2926; x_wconf 87' lang='lat' dir='ltr'>quac</span> <span class='ocrx_word' id='word_1_157' title='bbox 1101 2842 1134 2907; x_wconf 96' lang='lat' dir='ltr'>in</span> <span class='ocrx_word' id='word_1_158' title='bbox 1157 2842 1258 2907; x_wconf 89' lang='lat' dir='ltr'>schol.</span> <span class='ocrx_word' id='word_1_159' title='bbox 1283 2842 1327 2907; x_wconf 93' lang='lat' dir='ltr'>ad</span> <span class='ocrx_word' id='word_1_160' title='bbox 1349 2844 1426 2907; x_wconf 84' lang='lat' dir='ltr'>Eur.</span> <span class='ocrx_word' id='word_1_161' title='bbox 1450 2844 1602 2908; x_wconf 84' lang='lat' dir='ltr'>Androm.</span> 
     </span>
     <span class='ocr_line' id='line_1_19' title="bbox 264 2963 1608 3050; baseline 0.003 -25"><span class='ocrx_word' id='word_1_162' title='bbox 264 2966 304 3026; x_wconf 71' lang='lat' dir='ltr'>il</span> <span class='ocrx_word' id='word_1_163' title='bbox 329 2971 361 3029; x_wconf 90' lang='lat' dir='ltr'>et</span> <span class='ocrx_word' id='word_1_164' title='bbox 383 2966 424 3026; x_wconf 76' lang='lat'>32</span> <span class='ocrx_word' id='word_1_165' title='bbox 454 2965 604 3048; x_wconf 83' lang='lat' dir='ltr'>leguntur</span> <span class='ocrx_word' id='word_1_166' title='bbox 632 2964 737 3050; x_wconf 87' lang='lat' dir='ltr'>sciens</span> <span class='ocrx_word' id='word_1_167' title='bbox 760 2963 986 3049; x_wconf 85' lang='lat' dir='ltr'>praetermitto.</span> <span class='ocrx_word' id='word_1_168' title='bbox 1034 2963 1153 3028; x_wconf 89' lang='lat' dir='ltr'>Horum</span> <span class='ocrx_word' id='word_1_169' title='bbox 1181 2963 1277 3029; x_wconf 89' lang='lat' dir='ltr'>trium</span> <span class='ocrx_word' id='word_1_170' title='bbox 1300 2965 1519 3049; x_wconf 79' lang='lat' dir='ltr'>exemplorum</span> <span class='ocrx_word' id='word_1_171' title='bbox 1542 2964 1608 3049; x_wconf 92' lang='lat' dir='ltr'>pri-</span> 
     </span>
     <span class='ocr_line' id='line_1_20' title="bbox 225 3083 1607 3169; baseline 0.001 -21"><span class='ocrx_word' id='word_1_172' title='bbox 225 3126 228 3131; x_wconf 89' lang='lat'>·</span> <span class='ocrx_word' id='word_1_173' title='bbox 264 3106 349 3149; x_wconf 89' lang='lat' dir='ltr'>mum</span> <span class='ocrx_word' id='word_1_174' title='bbox 373 3092 405 3150; x_wconf 90' lang='lat' dir='ltr'>et</span> <span class='ocrx_word' id='word_1_175' title='bbox 426 3085 562 3151; x_wconf 87' lang='lat' dir='ltr'>alterum</span> <span class='ocrx_word' id='word_1_176' title='bbox 585 3085 632 3150; x_wconf 87' lang='lat' dir='ltr'>ita</span> <span class='ocrx_word' id='word_1_177' title='bbox 653 3085 738 3150; x_wconf 88' lang='lat' dir='ltr'>inter</span> <span class='ocrx_word' id='word_1_178' title='bbox 760 3105 794 3150; x_wconf 87' lang='lat' dir='ltr'>se</span> <span class='ocrx_word' id='word_1_179' title='bbox 818 3084 998 3167; x_wconf 88' lang='lat' dir='ltr'>concinunt,</span> <span class='ocrx_word' id='word_1_180' title='bbox 1024 3090 1068 3165; x_wconf 89' lang='lat' dir='ltr'>ut,</span> <span class='ocrx_word' id='word_1_181' title='bbox 1095 3083 1221 3149; x_wconf 90' lang='lat' dir='ltr'>etiamsi</span> <span class='ocrx_word' id='word_1_182' title='bbox 1238 3085 1270 3149; x_wconf 95' lang='lat' dir='ltr'>in</span> <span class='ocrx_word' id='word_1_183' title='bbox 1285 3085 1459 3151; x_wconf 81' lang='lat' dir='ltr'>levioribus</span> <span class='ocrx_word' id='word_1_184' title='bbox 1474 3085 1607 3169; x_wconf 89' lang='lat' dir='ltr'>quibus-</span> 
     </span>
     <span class='ocr_line' id='line_1_21' title="bbox 263 3204 1608 3287; baseline -0.001 -17"><span class='ocrx_word' id='word_1_185' title='bbox 263 3205 336 3270; x_wconf 91' lang='lat' dir='ltr'>dam</span> <span class='ocrx_word' id='word_1_186' title='bbox 356 3206 452 3271; x_wconf 88' lang='lat' dir='ltr'>rebus</span> <span class='ocrx_word' id='word_1_187' title='bbox 476 3206 605 3272; x_wconf 84' lang='lat' dir='ltr'>differre</span> <span class='ocrx_word' id='word_1_188' title='bbox 628 3205 808 3287; x_wconf 86' lang='lat' dir='ltr'>videantur,</span> <span class='ocrx_word' id='word_1_189' title='bbox 834 3213 943 3271; x_wconf 85' lang='lat' dir='ltr'>tamen</span> <span class='ocrx_word' id='word_1_190' title='bbox 965 3204 1008 3270; x_wconf 91' lang='lat' dir='ltr'>ad</span> <span class='ocrx_word' id='word_1_191' title='bbox 1031 3205 1168 3271; x_wconf 88' lang='lat' dir='ltr'>eundem</span> <span class='ocrx_word' id='word_1_192' title='bbox 1191 3213 1352 3272; x_wconf 88' lang='lat' dir='ltr'>auctorem</span> <span class='ocrx_word' id='word_1_193' title='bbox 1376 3227 1416 3271; x_wconf 90' lang='lat' dir='ltr'>ca</span> <span class='ocrx_word' id='word_1_194' title='bbox 1438 3205 1608 3271; x_wconf 83' lang='lat' dir='ltr'>referenda</span> 
     </span>
     <span class='ocr_line' id='line_1_22' title="bbox 264 3325 1608 3412; baseline 0 -20"><span class='ocrx_word' id='word_1_195' title='bbox 264 3347 336 3392; x_wconf 89' lang='lat' dir='ltr'>esse</span> <span class='ocrx_word' id='word_1_196' title='bbox 359 3327 455 3392; x_wconf 86' lang='lat' dir='ltr'>iacile</span> <span class='ocrx_word' id='word_1_197' title='bbox 478 3326 536 3392; x_wconf 90' lang='lat' dir='ltr'>tihi</span> <span class='ocrx_word' id='word_1_198' title='bbox 559 3325 768 3412; x_wconf 88' lang='lat' dir='ltr'>persuadeas.</span> <span class='ocrx_word' id='word_1_199' title='bbox 816 3327 1007 3393; x_wconf 88' lang='lat' dir='ltr'>Plutarchus</span> <span class='ocrx_word' id='word_1_200' title='bbox 1030 3326 1126 3408; x_wconf 89' lang='lat' dir='ltr'>eninr,</span> <span class='ocrx_word' id='word_1_201' title='bbox 1153 3333 1321 3412; x_wconf 83' lang='lat' dir='ltr'>postquam</span> <span class='ocrx_word' id='word_1_202' title='bbox 1344 3326 1484 3392; x_wconf 89' lang='lat' dir='ltr'>breviter</span> <span class='ocrx_word' id='word_1_203' title='bbox 1506 3326 1608 3410; x_wconf 81' lang='lat' dir='ltr'>signi-</span> 
     </span>
     <span class='ocr_line' id='line_1_23' title="bbox 263 3446 1608 3532; baseline 0.001 -21"><span class='ocrx_word' id='word_1_204' title='bbox 263 3446 372 3513; x_wconf 88' lang='lat' dir='ltr'>ficavit</span> <span class='ocrx_word' id='word_1_205' title='bbox 400 3448 441 3513; x_wconf 90' lang='lat' dir='ltr'>de</span> <span class='ocrx_word' id='word_1_206' title='bbox 470 3448 598 3514; x_wconf 87' lang='lat' dir='ltr'>oraculo</span> <span class='ocrx_word' id='word_1_207' title='bbox 620 3447 794 3513; x_wconf 90' lang='lat' dir='ltr'>Dodonaeo</span> <span class='ocrx_word' id='word_1_208' title='bbox 823 3448 998 3513; x_wconf 89' lang='lat' dir='ltr'>secundnm</span> <span class='ocrx_word' id='word_1_209' title='bbox 1021 3447 1176 3532; x_wconf 87' lang='lat' dir='ltr'>quosdam</span> <span class='ocrx_word' id='word_1_210' title='bbox 1199 3455 1346 3513; x_wconf 89' lang='lat' dir='ltr'>auctores</span> <span class='ocrx_word' id='word_1_211' title='bbox 1368 3468 1389 3512; x_wconf 88' lang='lat' dir='ltr'>a</span> <span class='ocrx_word' id='word_1_212' title='bbox 1410 3448 1608 3513; x_wconf 88' lang='lat' dir='ltr'>Deucalione</span> 
     </span>
     <span class='ocr_line' id='line_1_24' title="bbox 265 3562 1606 3656; baseline 0 -23"><span class='ocrx_word' id='word_1_213' title='bbox 265 3569 401 3652; x_wconf 85' lang='lat' dir='ltr'>condito,</span> <span class='ocrx_word' id='word_1_214' title='bbox 428 3568 474 3634; x_wconf 83' lang='lat' dir='ltr'>sic</span> <span class='ocrx_word' id='word_1_215' title='bbox 496 3568 617 3654; x_wconf 74' lang='lat' dir='ltr'>pergit:</span> <span class='ocrx_word' id='word_1_216' title='bbox 654 3564 755 3656; x_wconf 86' lang='grc' dir='ltr'>χρόνῳ</span> <span class='ocrx_word' id='word_1_217' title='bbox 778 3569 811 3634; x_wconf 82' lang='grc' dir='ltr'>δὲ</span> <span class='ocrx_word' id='word_1_218' title='bbox 835 3562 957 3655; x_wconf 70' lang='grc' dir='ltr'>ὕστερον</span> <span class='ocrx_word' id='word_1_219' title='bbox 983 3566 1192 3654; x_wconf 80' lang='grc' dir='ltr'>Νεοπτόλεμος</span> <span class='ocrx_word' id='word_1_220' title='bbox 1215 3564 1231 3633; x_wconf 82' lang='lat' dir='ltr'>‘c</span> <span class='ocrx_word' id='word_1_221' title='bbox 1250 3565 1411 3655; x_wconf 83' lang='grc' dir='ltr'>Ἀχιλλέως</span> <span class='ocrx_word' id='word_1_222' title='bbox 1431 3565 1504 3633; x_wconf 85' lang='grc' dir='ltr'>λαὸν</span> <span class='ocrx_word' id='word_1_223' title='bbox 1527 3565 1606 3655; x_wconf 82' lang='grc' dir='ltr'>ἀγα-</span> 
     </span>
    </p>
   </div>
   <div class='ocr_carea' id='block_1_3' title="bbox 263 3685 1607 3778">
    <p class='ocr_par' dir='ltr' id='par_1_5' title="bbox 263 3685 1607 3778">
     <span class='ocr_line' id='line_1_25' title="bbox 263 3685 1607 3778; baseline 0 -25"><span class='ocrx_word' id='word_1_224' title='bbox 263 3686 321 3775; x_wconf 82' lang='grc' dir='ltr'>γὼν</span> <span class='ocrx_word' id='word_1_225' title='bbox 346 3685 434 3763; x_wconf 79' lang='grc' dir='ltr'>αὐτός</span> <span class='ocrx_word' id='word_1_226' title='bbox 457 3715 489 3754; x_wconf 89' lang='grc' dir='ltr'>τε</span> <span class='ocrx_word' id='word_1_227' title='bbox 511 3687 564 3775; x_wconf 73' lang='grc' dir='ltr'>τήν</span> <span class='ocrx_word' id='word_1_228' title='bbox 586 3685 692 3776; x_wconf 82' lang='grc' dir='ltr'>χώραν</span> <span class='ocrx_word' id='word_1_229' title='bbox 715 3691 845 3776; x_wconf 81' lang='grc' dir='ltr'>κατέσχε</span> <span class='ocrx_word' id='word_1_230' title='bbox 868 3687 918 3754; x_wconf 87' lang='grc' dir='ltr'>καὶ</span> <span class='ocrx_word' id='word_1_231' title='bbox 940 3687 1086 3777; x_wconf 72' lang='grc' dir='ltr'>διαδοχὴν</span> <span class='ocrx_word' id='word_1_232' title='bbox 1110 3692 1258 3778; x_wconf 84' lang='grc' dir='ltr'>βασιλέων</span> <span class='ocrx_word' id='word_1_233' title='bbox 1282 3686 1337 3778; x_wconf 81' lang='grc' dir='ltr'>ἀφ’</span> <span class='ocrx_word' id='word_1_234' title='bbox 1359 3687 1450 3756; x_wconf 79' lang='grc' dir='ltr'>αὑτοῦ</span> <span class='ocrx_word' id='word_1_235' title='bbox 1466 3692 1607 3756; x_wconf 86' lang='grc' dir='ltr'>κατέλιπε</span> 
     </span>
    </p>
   </div>
   <div class='ocr_carea' id='block_1_4' title="bbox 263 3802 1611 5108">
    <p class='ocr_par' dir='ltr' id='par_1_6' title="bbox 263 3802 1611 5108">
     <span class='ocr_line' id='line_1_26' title="bbox 266 3802 1608 3899; baseline 0.001 -25"><span class='ocrx_word' id='word_1_236' title='bbox 266 3809 416 3898; x_wconf 76' lang='grc' dir='ltr'>Πυρρίδας</span> <span class='ocrx_word' id='word_1_237' title='bbox 438 3812 709 3896; x_wconf 78' lang='grc' dir='ltr'>ἐπικαλουμένους·</span> <span class='ocrx_word' id='word_1_238' title='bbox 744 3810 795 3876; x_wconf 87' lang='grc' dir='ltr'>καὶ</span> <span class='ocrx_word' id='word_1_239' title='bbox 818 3808 875 3898; x_wconf 81' lang='grc' dir='ltr'>γὰρ</span> <span class='ocrx_word' id='word_1_240' title='bbox 900 3808 982 3899; x_wconf 78' lang='grc' dir='ltr'>αὐτῷ</span> <span class='ocrx_word' id='word_1_241' title='bbox 1005 3807 1127 3898; x_wconf 84' lang='grc' dir='ltr'>Πύρρου</span> <span class='ocrx_word' id='word_1_242' title='bbox 1149 3802 1186 3896; x_wconf 71' lang='grc' dir='ltr'>ἦν</span> <span class='ocrx_word' id='word_1_243' title='bbox 1208 3808 1344 3876; x_wconf 79' lang='grc' dir='ltr'>παιδικὸν</span> <span class='ocrx_word' id='word_1_244' title='bbox 1368 3808 1534 3896; x_wconf 82' lang='grc' dir='ltr'>ἐπωνύμιον</span> <span class='ocrx_word' id='word_1_245' title='bbox 1557 3811 1608 3876; x_wconf 86' lang='grc' dir='ltr'>καί</span> 
     </span>
     <span class='ocr_line' id='line_1_27' title="bbox 264 3924 1609 4018; baseline 0.001 -23"><span class='ocrx_word' id='word_1_246' title='bbox 264 3935 323 3995; x_wconf 80' lang='grc' dir='ltr'>τῶν</span> <span class='ocrx_word' id='word_1_247' title='bbox 352 3933 481 4018; x_wconf 76' lang='grc' dir='ltr'>γνησίων</span> <span class='ocrx_word' id='word_1_248' title='bbox 507 3933 623 3996; x_wconf 87' lang='grc' dir='ltr'>παίδων</span> <span class='ocrx_word' id='word_1_249' title='bbox 647 3935 681 3997; x_wconf 83' lang='grc' dir='ltr'>ἐκ</span> <span class='ocrx_word' id='word_1_250' title='bbox 704 3928 864 4018; x_wconf 79' lang='grc' dir='ltr'>Λανάσσης</span> <span class='ocrx_word' id='word_1_251' title='bbox 890 3939 942 4018; x_wconf 74' lang='grc' dir='ltr'>τῆς</span> <span class='ocrx_word' id='word_1_252' title='bbox 966 3930 1136 3997; x_wconf 82' lang='grc' dir='ltr'>Κλεοδαίου</span> <span class='ocrx_word' id='word_1_253' title='bbox 1160 3937 1211 3996; x_wconf 72' lang='lat' dir='ltr'>roi&gt;</span> <span class='ocrx_word' id='word_1_254' title='bbox 1225 3924 1342 3998; x_wconf 77' lang='grc' dir='ltr'>Ὕλλου</span> <span class='ocrx_word' id='word_1_255' title='bbox 1365 3935 1532 4018; x_wconf 73' lang='grc' dir='ltr'>γενομένων</span> <span class='ocrx_word' id='word_1_256' title='bbox 1556 3935 1609 3997; x_wconf 85' lang='grc' dir='ltr'>ένα</span> 
     </span>
     <span class='ocr_line' id='line_1_28' title="bbox 268 4048 1608 4142; baseline 0.001 -26"><span class='ocrx_word' id='word_1_257' title='bbox 268 4048 385 4140; x_wconf 80' lang='grc' dir='ltr'>ΙἸύρρον</span> <span class='ocrx_word' id='word_1_258' title='bbox 414 4049 580 4139; x_wconf 79' lang='grc' dir='ltr'>ὠνόμασεν.</span> <span class='ocrx_word' id='word_1_259' title='bbox 628 4057 661 4119; x_wconf 84' lang='grc' dir='ltr'>ἐκ</span> <span class='ocrx_word' id='word_1_260' title='bbox 690 4050 795 4119; x_wconf 89' lang='grc' dir='ltr'>τούτου</span> <span class='ocrx_word' id='word_1_261' title='bbox 826 4053 859 4118; x_wconf 81' lang='grc' dir='ltr'>δὲ</span> <span class='ocrx_word' id='word_1_262' title='bbox 888 4053 939 4119; x_wconf 84' lang='grc' dir='ltr'>καί</span> <span class='ocrx_word' id='word_1_263' title='bbox 958 4050 1112 4140; x_wconf 79' lang='grc' dir='ltr'>Ἀχιλλεύς</span> <span class='ocrx_word' id='word_1_264' title='bbox 1143 4057 1173 4118; x_wconf 89' lang='grc' dir='ltr'>ἐν</span> <span class='ocrx_word' id='word_1_265' title='bbox 1194 4050 1326 4142; x_wconf 79' lang='grc' dir='ltr'>Ἠπείρῳ</span> <span class='ocrx_word' id='word_1_266' title='bbox 1355 4051 1442 4140; x_wconf 76' lang='grc' dir='ltr'>τιμὰς</span> <span class='ocrx_word' id='word_1_267' title='bbox 1473 4055 1608 4127; x_wconf 77' lang='grc' dir='ltr'>ἰσοθέους</span> 
     </span>
     <span class='ocr_line' id='line_1_29' title="bbox 265 4167 1606 4263; baseline 0.002 -27"><span class='ocrx_word' id='word_1_268' title='bbox 265 4172 353 4260; x_wconf 86' lang='grc' dir='ltr'>ἔσχεν</span> <span class='ocrx_word' id='word_1_269' title='bbox 376 4167 517 4248; x_wconf 86' lang='grc' dir='ltr'>Ἄσπετος</span> <span class='ocrx_word' id='word_1_270' title='bbox 546 4176 702 4263; x_wconf 80' lang='grc' dir='ltr'>ἐπιχωρίῳ</span> <span class='ocrx_word' id='word_1_271' title='bbox 733 4180 819 4263; x_wconf 73' lang='grc' dir='ltr'>φωνῇ</span> <span class='ocrx_word' id='word_1_272' title='bbox 847 4171 1152 4262; x_wconf 74' lang='grc' dir='ltr'>προσαγορευόμενος.</span> <span class='ocrx_word' id='word_1_273' title='bbox 1202 4171 1276 4259; x_wconf 82' lang='grc' dir='ltr'>μετὰ</span> <span class='ocrx_word' id='word_1_274' title='bbox 1306 4175 1339 4240; x_wconf 81' lang='grc' dir='ltr'>δὲ</span> <span class='ocrx_word' id='word_1_275' title='bbox 1369 4173 1436 4248; x_wconf 82' lang='grc' dir='ltr'>τούς</span> <span class='ocrx_word' id='word_1_276' title='bbox 1458 4171 1606 4263; x_wconf 80' lang='grc' dir='ltr'>πρώτους,</span> 
     </span>
     <span class='ocr_line' id='line_1_30' title="bbox 264 4292 1609 4384; baseline 0.001 -25"><span class='ocrx_word' id='word_1_277' title='bbox 264 4300 321 4361; x_wconf 78' lang='grc' dir='ltr'>τῶν</span> <span class='ocrx_word' id='word_1_278' title='bbox 352 4293 402 4361; x_wconf 81' lang='grc' dir='ltr'>διὰ</span> <span class='ocrx_word' id='word_1_279' title='bbox 426 4299 518 4382; x_wconf 83' lang='grc' dir='ltr'>μέσου</span> <span class='ocrx_word' id='word_1_280' title='bbox 544 4297 692 4384; x_wconf 83' lang='grc' dir='ltr'>βασιλέων</span> <span class='ocrx_word' id='word_1_281' title='bbox 714 4298 1011 4384; x_wconf 72' lang='grc' dir='ltr'>ἐκβαρβαρωθέντων</span> <span class='ocrx_word' id='word_1_282' title='bbox 1034 4292 1085 4360; x_wconf 85' lang='grc' dir='ltr'>καί</span> <span class='ocrx_word' id='word_1_283' title='bbox 1107 4297 1275 4382; x_wconf 89' lang='grc' dir='ltr'>γενομένων</span> <span class='ocrx_word' id='word_1_284' title='bbox 1298 4302 1335 4384; x_wconf 72' lang='grc' dir='ltr'>τῇ</span> <span class='ocrx_word' id='word_1_285' title='bbox 1357 4322 1389 4362; x_wconf 88' lang='grc' dir='ltr'>τε</span> <span class='ocrx_word' id='word_1_286' title='bbox 1412 4293 1536 4383; x_wconf 83' lang='grc' dir='ltr'>δυνάμει</span> <span class='ocrx_word' id='word_1_287' title='bbox 1558 4297 1609 4361; x_wconf 84' lang='grc' dir='ltr'>καὶ</span> 
     </span>
     <span class='ocr_line' id='line_1_31' title="bbox 264 4412 1608 4506; baseline -0.001 -24"><span class='ocrx_word' id='word_1_288' title='bbox 264 4419 324 4491; x_wconf 85' lang='grc' dir='ltr'>τοῖς</span> <span class='ocrx_word' id='word_1_289' title='bbox 355 4419 431 4505; x_wconf 87' lang='grc' dir='ltr'>βίοις</span> <span class='ocrx_word' id='word_1_290' title='bbox 459 4414 688 4505; x_wconf 75' lang='grc' dir='ltr'>ἀμαυροτέρων,</span> <span class='ocrx_word' id='word_1_291' title='bbox 722 4413 884 4506; x_wconf 73' lang='grc' dir='ltr'>Θαρρύπαν</span> <span class='ocrx_word' id='word_1_292' title='bbox 906 4422 1023 4506; x_wconf 81' lang='grc' dir='ltr'>πρῶτον</span> <span class='ocrx_word' id='word_1_293' title='bbox 1049 4419 1214 4505; x_wconf 75' lang='grc' dir='ltr'>ἱστοροῦσιν</span> <span class='ocrx_word' id='word_1_294' title='bbox 1231 4412 1421 4504; x_wconf 74' lang='grc' dir='ltr'>Ἑλληνικοῖς</span> <span class='ocrx_word' id='word_1_295' title='bbox 1444 4417 1529 4483; x_wconf 77' lang='grc' dir='ltr'>ἔθεσι</span> <span class='ocrx_word' id='word_1_296' title='bbox 1558 4417 1608 4482; x_wconf 85' lang='grc' dir='ltr'>καί</span> 
     </span>
     <span class='ocr_line' id='line_1_32' title="bbox 263 4534 1608 4626; baseline -0.001 -22"><span class='ocrx_word' id='word_1_297' title='bbox 263 4537 419 4626; x_wconf 81' lang='grc' dir='ltr'>γράμμασι</span> <span class='ocrx_word' id='word_1_298' title='bbox 441 4539 493 4604; x_wconf 84' lang='grc' dir='ltr'>καί</span> <span class='ocrx_word' id='word_1_299' title='bbox 515 4535 617 4624; x_wconf 86' lang='grc' dir='ltr'>νόμοις</span> <span class='ocrx_word' id='word_1_300' title='bbox 640 4535 867 4626; x_wconf 74' lang='grc' dir='ltr'>φιλανθρώποις</span> <span class='ocrx_word' id='word_1_301' title='bbox 884 4535 1129 4625; x_wconf 71' lang='grc' dir='ltr'>διακοσμήσαντα</span> <span class='ocrx_word' id='word_1_302' title='bbox 1151 4536 1203 4612; x_wconf 81' lang='grc' dir='ltr'>τὰς</span> <span class='ocrx_word' id='word_1_303' title='bbox 1218 4534 1320 4613; x_wconf 77' lang='grc' dir='ltr'>πόλεις</span> <span class='ocrx_word' id='word_1_304' title='bbox 1336 4535 1499 4625; x_wconf 81' lang='grc' dir='ltr'>ὀνομαστὸν</span> <span class='ocrx_word' id='word_1_305' title='bbox 1522 4539 1608 4624; x_wconf 84' lang='grc' dir='ltr'>γενέ-</span> 
     </span>
     <span class='ocr_line' id='line_1_33' title="bbox 266 4651 1610 4748; baseline 0 -23"><span class='ocrx_word' id='word_1_306' title='bbox 266 4663 350 4727; x_wconf 90' lang='grc' dir='ltr'>σθαι.</span> <span class='ocrx_word' id='word_1_307' title='bbox 397 4656 559 4748; x_wconf 86' lang='grc' dir='ltr'>Θαρρύπου</span> <span class='ocrx_word' id='word_1_308' title='bbox 582 4659 616 4726; x_wconf 83' lang='grc' dir='ltr'>δέ</span> <span class='ocrx_word' id='word_1_309' title='bbox 636 4657 773 4734; x_wconf 86' lang='grc' dir='ltr'>Ἀλκέτας</span> <span class='ocrx_word' id='word_1_310' title='bbox 797 4658 859 4734; x_wconf 84' lang='grc' dir='ltr'>υίὸς</span> <span class='ocrx_word' id='word_1_311' title='bbox 881 4651 918 4747; x_wconf 74' lang='grc' dir='ltr'>ἦν</span> <span class='ocrx_word' id='word_1_312' title='bbox 941 4663 1004 4725; x_wconf 89' lang='grc' dir='ltr'>κτλ.</span> <span class='ocrx_word' id='word_1_313' title='bbox 1052 4660 1102 4725; x_wconf 79' lang='lat' dir='ltr'>Ab</span> <span class='ocrx_word' id='word_1_314' title='bbox 1125 4659 1176 4725; x_wconf 85' lang='lat' dir='ltr'>his</span> <span class='ocrx_word' id='word_1_315' title='bbox 1198 4660 1341 4726; x_wconf 80' lang='lat' dir='ltr'>Iustinus</span> <span class='ocrx_word' id='word_1_316' title='bbox 1365 4681 1404 4725; x_wconf 84' lang='lat' dir='ltr'>ea</span> <span class='ocrx_word' id='word_1_317' title='bbox 1419 4681 1453 4725; x_wconf 82' lang='lat' dir='ltr'>rc</span> <span class='ocrx_word' id='word_1_318' title='bbox 1468 4660 1610 4725; x_wconf 83' lang='lat' dir='ltr'>maxime</span> 
     </span>
     <span class='ocr_line' id='line_1_34' title="bbox 264 4781 1611 4873; baseline -0.001 -27"><span class='ocrx_word' id='word_1_319' title='bbox 264 4781 437 4873; x_wconf 82' lang='lat' dir='ltr'>discrepat,</span> <span class='ocrx_word' id='word_1_320' title='bbox 463 4781 548 4865; x_wconf 90' lang='lat' dir='ltr'>qnod</span> <span class='ocrx_word' id='word_1_321' title='bbox 570 4781 745 4868; x_wconf 91' lang='lat' dir='ltr'>principem</span> <span class='ocrx_word' id='word_1_322' title='bbox 769 4782 882 4847; x_wconf 91' lang='lat' dir='ltr'>domus</span> <span class='ocrx_word' id='word_1_323' title='bbox 905 4782 1015 4866; x_wconf 83' lang='lat' dir='ltr'>regiae</span> <span class='ocrx_word' id='word_1_324' title='bbox 1030 4782 1240 4846; x_wconf 88' lang='lat' dir='ltr'>Molossorum</span> <span class='ocrx_word' id='word_1_325' title='bbox 1255 4781 1457 4864; x_wconf 88' lang='lat' dir='ltr'>eundemque</span> <span class='ocrx_word' id='word_1_326' title='bbox 1473 4781 1611 4846; x_wconf 78' lang='lat' dir='ltr'>Achillis</span> 
     </span>
     <span class='ocr_line' id='line_1_35' title="bbox 265 4901 1608 4989; baseline -0.001 -22"><span class='ocrx_word' id='word_1_327' title='bbox 265 4901 365 4968; x_wconf 91' lang='lat' dir='ltr'>filium</span> <span class='ocrx_word' id='word_1_328' title='bbox 389 4903 546 4989; x_wconf 86' lang='lat' dir='ltr'>Pyrrhum</span> <span class='ocrx_word' id='word_1_329' title='bbox 569 4903 728 4986; x_wconf 88' lang='lat' dir='ltr'>nominat,</span> <span class='ocrx_word' id='word_1_330' title='bbox 760 4902 811 4968; x_wconf 92' lang='lat' dir='ltr'>cui</span> <span class='ocrx_word' id='word_1_331' title='bbox 833 4901 935 4968; x_wconf 87' lang='lat' dir='ltr'>filium</span> <span class='ocrx_word' id='word_1_332' title='bbox 958 4903 1081 4967; x_wconf 91' lang='lat' dir='ltr'>Pialem</span> <span class='ocrx_word' id='word_1_333' title='bbox 1104 4901 1138 4966; x_wconf 92' lang='lat' dir='ltr'>iu</span> <span class='ocrx_word' id='word_1_334' title='bbox 1160 4922 1259 4985; x_wconf 87' lang='lat' dir='ltr'>regno</span> <span class='ocrx_word' id='word_1_335' title='bbox 1282 4902 1477 4968; x_wconf 88' lang='lat' dir='ltr'>successisse</span> <span class='ocrx_word' id='word_1_336' title='bbox 1500 4901 1608 4967; x_wconf 81' lang='lat' dir='ltr'>refert.</span> 
     </span>
     <span class='ocr_line' id='line_1_36' title="bbox 264 5022 1608 5108; baseline -0.001 -19"><span class='ocrx_word' id='word_1_337' title='bbox 264 5024 443 5091; x_wconf 90' lang='lat' dir='ltr'>Pausanias</span> <span class='ocrx_word' id='word_1_338' title='bbox 476 5045 552 5091; x_wconf 88' lang='lat' dir='ltr'>vero</span> <span class='ocrx_word' id='word_1_339' title='bbox 582 5026 747 5090; x_wconf 85' lang='lat' dir='ltr'>Lanassae</span> <span class='ocrx_word' id='word_1_340' title='bbox 781 5023 941 5090; x_wconf 86' lang='lat' dir='ltr'>mentione</span> <span class='ocrx_word' id='word_1_341' title='bbox 974 5023 1094 5089; x_wconf 87' lang='lat' dir='ltr'>omissa</span> <span class='ocrx_word' id='word_1_342' title='bbox 1123 5023 1297 5108; x_wconf 87' lang='lat' dir='ltr'>Pyrrhum,</span> <span class='ocrx_word' id='word_1_343' title='bbox 1334 5022 1473 5089; x_wconf 84' lang='lat' dir='ltr'>Achillis</span> <span class='ocrx_word' id='word_1_344' title='bbox 1495 5022 1608 5105; x_wconf 87' lang='lat' dir='ltr'>lilium,</span> 
     </span>
    </p>
   </div>
   <div class='ocr_carea' id='block_1_5' title="bbox 264 5143 1612 5319">
    <p class='ocr_par' dir='ltr' id='par_1_7' title="bbox 264 5143 1612 5319">
     <span class='ocr_line' id='line_1_37' title="bbox 264 5143 1612 5229; baseline -0.003 -16"><span class='ocrx_word' id='word_1_345' title='bbox 264 5165 335 5213; x_wconf 74' lang='lat' dir='ltr'>cerm</span> <span class='ocrx_word' id='word_1_346' title='bbox 364 5147 524 5213; x_wconf 79' lang='lat' dir='ltr'>vaticiniis</span> <span class='ocrx_word' id='word_1_347' title='bbox 554 5146 689 5229; x_wconf 90' lang='lat' dir='ltr'>Heleni,</span> <span class='ocrx_word' id='word_1_348' title='bbox 723 5144 841 5210; x_wconf 92' lang='lat' dir='ltr'>Priami</span> <span class='ocrx_word' id='word_1_349' title='bbox 870 5143 947 5227; x_wconf 88' lang='lat' dir='ltr'>filii,</span> <span class='ocrx_word' id='word_1_350' title='bbox 981 5145 1151 5210; x_wconf 87' lang='lat' dir='ltr'>obsecutus</span> <span class='ocrx_word' id='word_1_351' title='bbox 1180 5143 1215 5208; x_wconf 92' lang='lat' dir='ltr'>iu</span> <span class='ocrx_word' id='word_1_352' title='bbox 1245 5143 1341 5229; x_wconf 80' lang='lat' dir='ltr'>Epiro</span> <span class='ocrx_word' id='word_1_353' title='bbox 1371 5164 1504 5227; x_wconf 83' lang='lat' dir='ltr'>regnum</span> <span class='ocrx_word' id='word_1_354' title='bbox 1536 5165 1612 5209; x_wconf 89' lang='lat' dir='ltr'>con-</span> 
     </span>
     <span class='ocr_line' id='line_1_38' title="bbox 1388 5269 1403 5319; baseline 0 0"><span class='ocrx_word' id='word_1_355' title='bbox 1388 5269 1403 5319; x_wconf 85' lang='lat' dir='ltr'>o</span> 
     </span>
    </p>
   </div>
   <div class='ocr_carea' id='block_1_6' title="bbox 0 0 2121 6244">
    <p class='ocr_par' dir='ltr' id='par_1_8' title="bbox 0 0 2121 6244">
     <span class='ocr_line' id='line_1_39' title="bbox 0 0 2121 6244; baseline 0 0"><span class='ocrx_word' id='word_1_356' title='bbox 0 0 2121 6244; x_wconf 95' lang='lat' dir='ltr'> </span> 
     </span>
    </p>
   </div>
  </div>
 </body>
</html>
