4118 6240
463 669 521 732 164
1014 665 1059 723 W.
1079 666 1247 725 suuntur

458 859 505 923 cis
517 860 536 940 ¹)
559 859 686 924 nomine
702 858 928 942 designabant,
953 866 1096 923 amonte
1112 859 1181 925 sive
1197 859 1325 923 collium
1342 866 1445 923 tractu
1455 861 1492 940 ι4),
1519 857 1562 923 ad
1578 858 1669 922 cuius
1685 856 1808 922 radices

458 979 554 1043 situm
578 987 657 1045 erat.
705 980 905 1062 Quamquam
933 980 1023 1045 locus
1054 979 1192 1045 nondum
1217 979 1398 1045 accuratius
1428 979 1553 1046 definiri
1580 979 1690 1064 potuit.
1739 979 1809 1057 Qua

459 1099 500 1165 de
523 1119 557 1164 re
579 1120 620 1165 ne
643 1099 748 1166 fusius
771 1099 943 1185 disputem,
969 1100 1139 1167 verissima
1162 1100 1396 1166 Wachsmuthii
1420 1101 1519 1166 verba
1540 1121 1572 1184 p.
1592 1103 1654 1163 369
1678 1120 1728 1164 me
1752 1098 1810 1163 de-

458 1227 588 1286 terrent.
636 1221 730 1287 Certe
753 1228 860 1287 autem
884 1223 916 1286 in
932 1222 1042 1287 Melita
1065 1221 1159 1286 demo
1182 1222 1244 1286 sita
1266 1230 1336 1286 erat
1350 1227 1491 1305 pnyx³23
1518 1221 1631 1286 eadem
1647 1221 1689 1285 ab
1704 1220 1808 1284 hemi-

458 1342 560 1425 cyclio
583 1341 640 1406 illo
662 1349 708 1407 tot
724 1343 861 1407 virorum
885 1341 1048 1407 doctorum
1071 1342 1345 1408 lucubrationibus
1365 1342 1528 1426 exagitato
1536 1347 1557 1424 ⁴)
1585 1341 1716 1406 diversa
1737 1349 1804 1406 est:

459 1462 538 1528 baec
561 1462 653 1528 nobis
676 1462 850 1529 sufficiant.
905 1463 953 1528 De
978 1463 1079 1528 sacris
1103 1483 1185 1546 quae
1212 1463 1254 1529 ad
1278 1463 1338 1528 boc
1361 1463 1463 1528 sorum
1488 1463 1706 1548 pertinebant,
1740 1461 1807 1527 fere

456 1581 537 1648 nibil
564 1587 695 1665 scimus,
727 1584 878 1667 quoniam
904 1584 1084 1648 Pausanias
1113 1584 1146 1648 in
1170 1584 1253 1650 hanc
1283 1585 1370 1649 urbis
1400 1591 1523 1668 partem
1554 1590 1610 1648 aut
1640 1603 1704 1680 nou
1733 1603 1806 1667 pen-

459 1703 548 1769 vcnit
569 1710 625 1768 aut
647 1711 732 1769 certe
757 1724 827 1769 eam
851 1725 913 1769 non
939 1704 1120 1788 descripsit.
1167 1705 1272 1770 Unum
1297 1706 1486 1770 Plutarchus
1515 1703 1657 1769 nominat
1685 1704 1719 1768 in
1749 1702 1806 1767 de-

459 1824 632 1909 scriptione
655 1844 783 1908 pugnae
805 1826 1002 1890 Amazonum
1025 1834 1056 1889 et
1078 1825 1339 1906 Atheniensium,
1366 1846 1461 1909 quam
1477 1847 1498 1889 a
1514 1823 1657 1890 Clidemo
1680 1830 1806 1888 mutua·

457 1953 508 2011 tus
550 1953 615 2026 cst,
654 1945 828 2010 sacrarium
864 1946 1054 2029 Chrysaor).
1116 1945 1234 2012 Eodem
1269 1947 1338 2011 loco
1368 1947 1567 2011 Amazonum
1597 1945 1746 2029 sepulcra
1774 1953 1805 2010 et

455 2066 666 2132 Amazonium
696 2066 889 2131 afferuntur:
923 2067 981 2132 scd
1012 2067 1161 2151 sepulcra
1191 2087 1212 2131 a
1239 2074 1331 2153 porta
1353 2067 1458 2132 Itonia
1487 2086 1587 2149 usquo
1616 2065 1657 2131 ad
1682 2064 1804 2151 portum

455 2187 612 2252 Piraicam
643 2187 791 2272 dispersa
820 2186 920 2252 luisse
943 2186 1105 2265 videntum
1142 2187 1353 2253 Amazonium
1383 2208 1460 2253 vero
1488 2188 1532 2269 si,
1567 2188 1602 2253 ut
1629 2186 1804 2270 aliquando

455 2308 604 2392 opinatus
627 2311 741 2392 sumi),
768 2307 853 2373 idem
877 2306 937 2373 fuit
959 2315 1055 2392 atque
1078 2307 1301 2391 hemicyclium
1324 2309 1409 2391 quod
1432 2308 1528 2374 bodie
1552 2315 1651 2389 extat,
1675 2315 1805 2393 propter

456 2429 516 2493 loci
549 2428 840 2495 incommoditatem
874 2428 916 2493 ad
950 2449 1086 2513 pnyccm
1121 2428 1216 2493 situm
1248 2449 1320 2494 esse
1350 2450 1413 2494 non
1444 2430 1557 2514 potuit.
1611 2429 1724 2512 Neque
1754 2435 1804 2493 ta-

455 2569 529 2615 men
557 2549 636 2614 latet
664 2571 731 2633 me,
769 2570 864 2632 quarn
894 2548 993 2614 dubia
1020 2549 1076 2614 illa
1106 2549 1289 2615 coniectura
1320 2550 1371 2614 sit.
1418 2549 1467 2615 De
1491 2550 1666 2635 Melanippi
1696 2559 1803 2616 autem

455 2670 574 2737 'Phcsei
596 2670 655 2735 filii
678 2670 873 2754 sacrarioh,
901 2669 984 2754 quod
1008 2669 1050 2734 ad
1073 2670 1175 2735 forum
1199 2670 1299 2737 fuisse
1322 2671 1496 2736 uerisimile
1520 2678 1579 2752 est,
1606 2671 1665 2737 hoc
1680 2678 1802 2735 tantum

455 2791 575 2856 scimus
606 2791 690 2875 quod
719 2791 802 2857 idem
834 2791 998 2857 Clidemus
1028 2789 1106 2857 dicit
1132 2791 1166 2856 id
1188 2791 1221 2856 in
1244 2791 1355 2857 Melita
1383 2791 1477 2857 demo
1500 2791 1596 2857 situm
1619 2793 1730 2858 fuisse.
1760 2830 1803 2837 -
1889 2781 1892 2787 ’

453 2913 565 2996 ltaque
589 2912 648 2977 hoc
664 2911 750 2977 demi
766 2911 843 2991 foro,
871 2920 979 2978 vetere
1002 2911 1156 2995 religione
1173 2919 1309 2991 sacrato,
1336 2912 1560 2994 Athenienses
1587 2933 1627 2978 cx
1643 2933 1706 2995 quo
1723 2921 1803 2978 tem-

454 3054 531 3119 pore
554 3032 724 3118 imperium
747 3051 847 3117 penes
871 3033 1021 3118 populum
1042 3039 1120 3113 erat,
1148 3032 1317 3098 utebantur
1332 3032 1375 3098 ad
1391 3033 1531 3098 universi
1548 3034 1659 3117 populi
1674 3033 1803 3098 comitia

454 3153 614 3221 habenda.

540 3276 656 3340 Porum
687 3273 773 3341 demi
796 3274 924 3355 Coloni,
951 3274 1007 3358 qui
1030 3274 1084 3340 ubi
1107 3274 1187 3340 situs
1211 3273 1324 3355 fuerit,
1358 3273 1497 3339 dubitari
1520 3295 1581 3339 non
1605 3283 1727 3359 potest,
1760 3275 1797 3339 u.

454 3395 581 3461 Curtius
603 3395 636 3460 in
660 3397 769 3462 tabula
792 3415 851 3461 sna
874 3403 1048 3480 praeeunte
1071 3395 1300 3478 sosthene-0⁸)
1331 3394 1499 3480 expressit.
1547 3396 1647 3460 Erant
1669 3395 1733 3478 ibi,
1766 3403 1801 3460 ut

453 3536 493 3581 en
515 3517 697 3582 Pausaniae
720 3515 935 3601 descriptione
963 3521 1025 3599 114,
1045 3522 1076 3581 5.
1096 3520 1125 3600 61
1152 3523 1297 3602 apparet,
1325 3517 1446 3600 templa
1469 3516 1622 3599 Vulcani,
1655 3516 1708 3600 qni
1733 3516 1800 3581 sin-

452 3636 557 3720 gulari
587 3638 675 3703 cultu
704 3657 776 3703 cnm
800 3636 943 3702 Minerva
972 3636 1160 3703 coniunctus
1184 3638 1305 3721 oratu,
1340 3646 1372 3703 ct
1395 3637 1529 3701 Veneris
1552 3637 1704 3702 Uraniae.
1751 3638 1800 3700 Eu

451 3757 749 3843 Harpocrationeu)
772 3757 983 3841 comperimus
999 3758 1042 3822 ibi
1059 3759 1232 3843 Eurysacis
1255 3757 1364 3823 Aiacis
1386 3757 1443 3821 filii
1466 3778 1554 3822 urum
1576 3757 1691 3824 luisse:
1720 3766 1801 3823 tem-

539 4090 556 4150 ¹j
578 4086 681 4158 Pnyois
700 4087 835 4142 terminus
853 4093 932 4143 extat
950 4086 982 4142 C.
1003 4087 1025 4141 Ι.
1047 4083 1081 4141 Α.
1114 4085 1126 4139 Ι
1147 4090 1210 4139 501:
1243 4086 1326 4143 atde
1346 4087 1409 4142 loco
1429 4087 1475 4142 ubi
1496 4087 1627 4142 inventus
1646 4088 1684 4142 sit
1701 4103 1798 4157 parum

451 4181 572 4230 constat.

538 4263 553 4324 2]
578 4261 610 4314 E.
632 4260 746 4315 Curtius
766 4260 964 4314 Erh'iuterncler
985 4261 1050 4314 Text
1069 4278 1098 4312 :a
1117 4259 1166 4313 don
1188 4262 1200 4310 7
1223 4261 1327 4314 Karrea
1346 4277 1372 4329 p.
1389 4263 1413 4314 S.

537 4348 557 4411 ³)
579 4346 672 4402 Schol.
693 4348 730 4402 ad
748 4345 837 4403 Arist.
858 4346 913 4403 Av.
935 4349 994 4401 997.

536 4435 556 4497 ⁴}
578 4435 724 4488 Postremo
743 4433 914 4487 delineatum
934 4432 1015 4486 dedit
1034 4432 1148 4488 Curtius
1167 4431 1249 4485 Atlas
1267 4433 1325 4487 tab.
1347 4433 1382 4487 V.

535 4521 554 4583 5)
576 4519 650 4574 Plut.
671 4518 756 4574 Thes.
777 4521 824 4570 27:
851 4519 913 4588 πρὸς
936 4520 982 4589 τὴν
1006 4520 1089 4570 πνύκα
1112 4519 1178 4571 κατὰ
1202 4519 1248 4588 τὴν
1269 4518 1378 4589 Χρύσαν.
1423 4520 1466 4573 Dc
1485 4519 1593 4589 Chrysa
1612 4519 1683 4572 scitu
1703 4519 1799 4587 dispu-

451 4607 523 4662 tavit
541 4605 577 4661 Α.
598 4604 714 4660 Schultz
733 4621 802 4660 mus.
824 4604 903 4659 rhen:
924 4605 1006 4658 XXX
1026 4605 1190 4674 1151911111.

535 4694 554 4756 θ’]
577 4693 637 4746 Das
649 4692 730 4746 Alter
741 4710 767 4744 u.
782 4711 804 4745 a.
819 4710 852 4745 w.
873 4692 920 4744 dea
938 4710 992 4761 uoq.
1014 4691 1141 4745 Theseius
1160 4709 1186 4761 p.
1203 4692 1243 4743 Sd.
1283 4691 1392 4746 ibidem
1412 4693 1439 4746 in
1458 4691 1554 4746 vorbis
1572 4690 1714 4745 Plutarchi
1736 4692 1797 4762 πρὸς

448 4781 495 4850 τὴν
514 4778 598 4833 πνύκα
615 4777 682 4832 κατὰ
699 4779 745 4849 τὴν
766 4777 868 4848 xpum
887 4778 1046 4832 inconsulte
1064 4779 1130 4830 κατὰ
1148 4779 1176 4831 in
1195 4778 1239 4830 καὶ
1257 4779 1373 4832 ruutuvl.

535 4867 554 4931 '¹1
576 4863 614 4921 of.
635 4865 721 4935 Harp.
742 4883 765 4920 a.
785 4883 812 4920 v.
834 4862 1034 4918 Μελανίππεῑον.

533 4954 554 5016 ⁸)
575 4953 686 5006 Beriarac
703 4950 768 5005 {lber
787 4951 829 5005 dic
854 4950 1088 5021 torrermclunpen
1108 4955 1163 5022 arcs
1177 4950 1224 5005 der
1241 4950 1387 5021 Akropolis
1406 4969 1432 5020 p.
1453 4954 1510 5003 185.

534 5042 553 5103 ¹³]
575 5039 687 5106 Lolling
705 5039 733 5093 in
756 5038 899 5107 Gltllinper
921 5037 979 5089 (iel.
995 5041 1062 5091 Auz.
1087 5040 1151 5089 1814
1171 5056 1198 5107 11.
1217 5039 1246 5089 ll
1261 5054 1302 5107 sq.

523 5127 552 5192 ¹⁰}
573 5143 596 5182 s.
616 5143 644 5182 v.
665 5122 835 5197 iiipasch-anca
855 5131 883 5181 ct
902 5120 1070 5190 Κνὶνννὲτνςς
1093 5126 1195 5197 quibus
1213 5123 1399 5181 conferendus
1418 5121 1500 5178 Pans.
1522 5124 1546 5188 1,
1567 5127 1609 5188 35,
1631 5128 1656 5178 3.
