4118 6240
302 1706 373 1804 DE
405 1705 665 1803 Pnuuoml
698 1703 921 1801 HllSlOlll
953 1703 1335 1803 muneremur
1367 1703 1582 1802 currum

872 1932 1010 1973 scemam
1073 1910 1084 1932 ’“

691 2072 967 2142 relucemus
991 2072 1191 2142 Scuouuu

888 2255 990 2264 ..ρ-

354 2390 442 2469 Quos
464 2411 567 2476 nuper
588 2411 651 2455 non
674 2390 743 2454 siue
766 2410 883 2472 magno
906 2387 1013 2454 dolore
1035 2388 1212 2454 litterarum
1235 2386 1349 2452 studiis
1371 2387 1453 2472 eripi
1472 2388 1610 2455 vidimus

267 2512 448 2596 philologos
470 2512 639 2596 primarios
655 2511 790 2576 Carolus
814 2509 1016 2575 Lebrsius
1039 2516 1072 2574 et
1088 2507 1245 2590 Georgius
1262 2508 1445 2575 Fridericus
1461 2509 1611 2576 Schoe-

267 2652 436 2698 mannus
459 2654 530 2699 oum
554 2631 674 2715 ingenii
697 2631 804 2698 indole
827 2631 928 2697 animi
950 2630 1062 2696 habitu
1077 2629 1267 2714 disciplinae
1288 2630 1410 2696 ratione
1427 2631 1506 2696 satis
1528 2632 1611 2698 inter

266 2736 443 2819 sediversi
466 2761 576 2820 essent
598 2760 630 2819 et
651 2753 683 2819 in
706 2753 844 2819 diversis
867 2772 964 2837 saepe
987 2751 1183 2836 philologiae
1198 2750 1343 2835 partibus
1364 2772 1494 2836 operam
1517 2774 1609 2819 suam

265 2875 473 2955 collocarent,
507 2872 593 2940 haud
621 2895 693 2940 raro
723 2880 829 2941 tamen
860 2872 1069 2939 concinebant
1094 2873 1182 2949 etin
1204 2872 1298 2939 rebus
1321 2893 1401 2956 quas
1424 2875 1609 2940 tractandas

265 2995 326 3060 sibi
356 3016 520 3080 sumpsere
549 3002 582 3062 et
609 2996 644 3060 in
673 2996 754 3080 ipsis
784 3015 865 3078 quas
894 2993 936 3060 de
965 2994 1012 3059 eis
1041 3000 1257 3079 conceperunt
1279 2994 1458 3060 sententiis.
1497 2997 1610 3079 Itaque

264 3117 297 3181 in
320 3123 462 3183 veterum
484 3117 765 3200 grammaticorum
795 3115 1009 3200 cognitionem
1037 3115 1133 3180 simili
1156 3122 1189 3180 et
1210 3114 1342 3181 consilio
1366 3121 1398 3180 et
1420 3123 1536 3182 eventu
1560 3118 1611 3182 in-

264 3239 504 3304 cubuerunt-
532 3258 725 3321 quamquam
748 3235 1017 3322 praecellentem
1041 3237 1101 3302 lrac
1123 3242 1214 3322 parte
1237 3235 1371 3302 chrsio
1392 3275 1451 3319 —,
1484 3239 1608 3324 saepis-

264 3359 346 3424 sime
375 3378 451 3425 vero
478 3359 561 3424 inter
588 3378 643 3426 eos
673 3358 821 3425 convenit
849 3357 883 3422 in
911 3357 959 3424 eis
981 3377 1065 3440 qnae
1087 3356 1127 3423 de
1148 3357 1281 3423 Hesiodi
1307 3358 1502 3424 carminibus
1525 3359 1610 3426 iudi-

264 3486 386 3545 carunt.
432 3480 539 3562 Atque
561 3480 643 3546 haec
665 3480 804 3546 maxime
826 3478 867 3545 de
889 3479 1030 3544 Ascraeo
1053 3485 1126 3544 vate
1148 3478 1269 3544 iudicia
1290 3499 1341 3545 me
1364 3488 1547 3563 moverunt,
1574 3490 1608 3547 ot

262 3601 401 3667 virorum
423 3600 609 3667 eximiorum
632 3601 750 3670 laetam
773 3600 869 3665 simul
891 3600 1120 3683 lugubremque
1150 3600 1335 3666 memoriam
1362 3600 1457 3666 modo
1487 3604 1609 3669 recole-

263 3743 347 3805 rem,
381 3722 508 3788 etiamsi
537 3723 646 3788 nescio
673 3743 715 3787 an
744 3721 853 3787 aliena
881 3740 954 3787 esse
982 3719 1128 3788 videatur
1148 3742 1168 3785 a
1191 3720 1273 3786 festo
1304 3721 1484 3806 festivoque
1513 3744 1608 3807 quem

262 3845 463 3911 celebramus
492 3843 555 3910 die.
609 3843 755 3926 Namque
785 3842 818 3906 in
847 3840 1044 3908 recensendo
1066 3841 1207 3907 Hesiodo
1230 3862 1301 3907 cum
1324 3844 1430 3910 facere
1453 3864 1608 3928 nequeam

262 3967 339 4049 quin
362 3967 458 4049 longe
480 3964 644 4032 discedam
667 3964 708 4030 ab
730 3964 855 4029 illorum
879 3963 1070 4042 rationibus,
1104 3963 1192 4028 haud
1220 3963 1280 4029 abs
1304 3985 1337 4030 re
1363 3965 1467 4030 visum
1495 3973 1546 4032 est
1567 3987 1608 4032 ex

261 4087 323 4152 bac
352 4086 528 4152 studiorum
558 4107 698 4153 meorum
728 4091 820 4171 parte
849 4083 1034 4168 disputandi
1057 4084 1224 4150 materiam
1246 4084 1432 4170 depromere
1454 4087 1604 4170 Tuoque,

262 4208 401 4290 Snurrr,
431 4207 550 4274 iudicio
572 4228 676 4274 meam
700 4207 847 4274 subicere
870 4204 1075 4271 sententiam:
1113 4225 1210 4290 quam
1232 4206 1296 4272 nisi
1318 4207 1395 4272 Trnr
1417 4208 1604 4291 probavero,

261 4349 313 4395 me
336 4349 442 4395 errare
464 4348 502 4394 eo
526 4328 676 4394 libentius
699 4327 888 4395 crediderim
911 4347 973 4411 quo
1001 4326 1106 4410 magis
1136 4326 1214 4393 mihi
1242 4327 1313 4412 ipse
1339 4327 1451 4393 dillido
1480 4328 1534 4394 ubi
1564 4331 1606 4395 ab

259 4450 448 4516 auctoritate
477 4450 588 4515 talium
615 4449 754 4515 virorum
784 4469 857 4515 mea
887 4447 983 4515 laude
1012 4447 1211 4533 superiorum
1237 4448 1395 4515 deficiam.
1442 4451 1510 4514 lam
1534 4471 1606 4515 cum

259 4569 534 4656 circumspicerem
565 4570 726 4653 quodnam
754 4570 956 4657 potissimum
987 4569 1186 4637 tractationis
1216 4589 1308 4636 meae
1337 4570 1500 4654 specimen
1529 4571 1607 4636 'lber

259 4712 486 4777 proponerem,
518 4711 558 4757 ea
586 4691 670 4775 elegi
699 4691 843 4758 carmina
869 4691 985 4774 quibus
1008 4691 1048 4757 de
1071 4690 1217 4757 Pandora
1238 4691 1307 4775 agit
1328 4698 1435 4776 pocta.
1483 4692 1606 4770 Quam-

258 4834 355 4897 quam
385 4850 429 4859 -
458 4821 493 4878 nt
514 4812 574 4878 hoc
596 4814 704 4878 statim
728 4812 924 4898 praecipiam
952 4851 995 4860 -
1024 4833 1097 4879 oum
1126 4813 1179 4878 vel
1208 4813 1241 4877 in
1269 4813 1470 4897 proverbium
1493 4814 1607 4881 abierit

262 4933 426 4999 ‘Pandora
448 4933 606 5015 Hesiodi‘,
640 4935 746 5019 ipsum
775 4955 891 5000 nomen
913 4933 1080 4999 Pandorae
1102 4933 1276 5000 Hesiodum
1306 4941 1363 4999 aur
1389 4955 1452 5000 non
1475 4936 1603 5002 novisse

256 5062 312 5122 aut
335 5076 397 5121 non
419 5054 581 5124 indicasse
604 5056 750 5124 arbitror.
797 5054 890 5136 Quod
912 5057 945 5124 in
968 5055 1156 5141 Theogonia
1181 5077 1246 5124 non
1268 5063 1379 5123 extare
1401 5061 1509 5124 notum
1533 5065 1598 5125 cst:
