4118 6240
701 619 751 673 DE
771 617 878 673 FORIS
896 616 1135 674 ATHENARUM
1531 620 1588 683 151

245 805 337 873 docte
360 805 538 892 disputarit
547 809 589 892 ¹),
620 806 678 872 sed
700 807 797 873 etiam
819 814 1009 893 prytaneum
1032 807 1269 874 transferretur.
1316 808 1510 892 Prytaneum
1534 805 1592 872 de-

244 926 341 1011 nique
370 927 456 1010 quod
482 926 663 992 Pausanias
693 927 791 1008 vidit,
824 928 856 993 in
887 929 970 994 arcis
999 928 1105 994 medio
1134 928 1235 995 latere
1263 926 1504 1012 septentrionali
1534 947 1592 992 ex-

244 1054 400 1114 structum
430 1067 519 1131 esse,
552 1067 623 1113 cum
654 1047 739 1113 circa
768 1047 966 1133 horologium
997 1049 1170 1115 Andronici
1197 1049 1391 1134 Cyrrhestae
1418 1049 1591 1132 imperato-

242 1189 313 1234 rum
336 1169 549 1234 Romanorum
571 1174 677 1234 aetate
699 1189 817 1233 novum
840 1168 944 1234 lorum
966 1169 1197 1235 institueretur.

330 1288 486 1368 Quattuor
514 1288 613 1373 igitur
642 1289 834 1354 haberemus
864 1290 1109 1355 Atheniensium
1140 1290 1209 1354 scra
1238 1289 1384 1375 publica,
1421 1308 1504 1372 quae
1533 1309 1591 1373 per

242 1417 421 1495 temporum
444 1409 558 1475 seriem
582 1409 778 1475 hereditaria
800 1411 939 1492 quadam
959 1412 1161 1477 successione
1177 1430 1249 1475 sese
1264 1408 1457 1494 exciperent.
1499 1410 1589 1487 Quae

243 1551 314 1597 eum
343 1537 419 1616 apte
449 1529 620 1596 cohaerere
650 1529 812 1596 videretur
841 1533 1001 1598 sententia
1024 1539 1056 1596 et
1079 1530 1167 1595 urbis
1190 1530 1283 1613 quasi
1305 1530 1466 1613 quendam
1489 1530 1590 1595 histo-

243 1651 324 1716 riam
353 1650 562 1735 adumbrare,
595 1670 667 1716 curn
697 1651 833 1717 aliorum
856 1663 924 1718 tum
947 1653 986 1716 lt.
1012 1650 1197 1734 Schoelliiq
1224 1670 1393 1717 assensum
1416 1650 1500 1715 tulit.
1546 1651 1590 1715 At

242 1772 366 1837 nullum
395 1771 428 1836 in
456 1772 523 1837 alia
552 1772 630 1837 urbe
653 1772 766 1838 talium
789 1773 1055 1858 permutationum
1079 1772 1262 1856 exemplum
1286 1779 1391 1854 extat,
1422 1790 1525 1854 neque
1548 1792 1588 1836 ea
1617 1860 1619 1862 Ι

243 1898 435 1976 argumenta
464 1893 588 1977 prolata
618 1899 708 1974 sunt,
741 1913 824 1976 quae
847 1893 982 1959 Athenis
1013 1892 1185 1958 suaderent
1214 1893 1317 1958 locum
1345 1892 1499 1957 habuisse
1520 1898 1587 1957 tam

241 2013 438 2097 singularem
461 2013 707 2079 inconstantiam
731 2013 906 2096 miramque
922 2014 955 2078 in
970 2013 1127 2079 aedificiis
1143 2014 1280 2098 publicis
1296 2013 1518 2078 construendis
1533 2033 1588 2078 eo-

242 2133 342 2219 piam.
389 2135 502 2218 ltaque
526 2134 561 2199 Ο.
588 2133 817 2217 Bursianusq,
851 2135 886 2200 C.
913 2135 1185 2218 boettimerusq,
1218 2134 1358 2217 denique
1388 2135 1424 2199 C.
1450 2132 1588 2198 Waehs-

153 2284 154 2287 ¹
241 2255 384 2321 muthius
394 2258 415 2338 ⁵]
450 2263 559 2321 contra
585 2255 669 2320 hanc
691 2255 884 2321 sententiam
907 2255 1166 2340 disputauerunt:
1200 2261 1236 2320 ut
1258 2254 1420 2337 dubitem,
1452 2274 1495 2319 an
1517 2254 1587 2338 ipse

242 2376 370 2444 (lortius
393 2396 464 2442 eam
487 2381 586 2442 totam
608 2382 747 2442 tueatur.
787 2376 904 2459 Utique
928 2376 987 2441 hoc
1006 2383 1126 2441 certum
1142 2384 1202 2458 est,
1228 2396 1356 2442 sacrum
1372 2395 1587 2441 communem-

240 2517 302 2580 que
326 2496 430 2562 soeum
459 2493 521 2582 (τὴν
544 2493 645 2582 κοινὴν
668 2498 776 2580 ἑστίαν)
790 2500 811 2580 ¹⁵)
845 2503 878 2562 et
899 2502 1091 2582 prytaneum
1113 2496 1189 2562 inde
1212 2497 1253 2562 ab
1276 2496 1478 2580 synoecismc
1501 2515 1587 2562 sem-

239 2639 298 2704 per
327 2637 390 2683 uno
419 2615 595 2701 eodemque
625 2618 694 2682 loco
723 2616 835 2682 fuisse.
882 2617 967 2682 Num
997 2616 1095 2699 igitur
1123 2638 1221 2682 unum
1247 2617 1380 2683 Athenis
1403 2617 1505 2682 lorum
1529 2636 1586 2681 cx-

239 2739 340 2805 stititl
369 2737 500 2804 minime
529 2758 616 2803 vero.
664 2738 729 2803 Sed
759 2744 906 2803 accurate
936 2736 1118 2821 distinguas
1149 2744 1281 2822 oportet.
1330 2738 1434 2802 Unum
1459 2757 1586 2822 semper

237 2866 307 2926 erat
328 2859 430 2925 forum
447 2859 610 2944 publicum
627 2858 673 2924 rei
688 2858 837 2943 publicae
852 2858 1097 2924 Atheniensium
1112 2858 1146 2922 in
1162 2857 1338 2940 Ceramico,
1364 2857 1463 2941 idque
1480 2858 1582 2923 solum

237 2980 394 3047 aediliciis
429 2979 567 3065 publicis
604 2979 792 3045 constructis
829 2998 867 3044 ac
896 2978 1040 3063 partibus
1070 2979 1214 3062 duabus,
1255 2998 1347 3044 sacra
1372 2985 1404 3044 et
1433 2978 1580 3065 prolana,

237 3100 418 3168 constitutis
441 3099 580 3166 civitatis
601 3106 765 3184 tamqnam
789 3107 930 3165 centrum
953 3099 1106 3179 obtinuit3
1141 3120 1212 3165 cum
1243 3099 1357 3165 civitas
1387 3101 1489 3166 libera
1512 3118 1584 3166 esse

237 3223 413 3308 coepisset,
440 3228 552 3319 postea
574 3242 651 3288 arae
674 3221 842 3288 duodecim
865 3220 996 3286 deorum
1019 3219 1239 3303 dedicatione,
1273 3221 1450 3307 porticuum
1474 3222 1584 3306 splen-

237 3345 313 3410 dore
329 3350 361 3409 et
376 3349 552 3409 statuarum
569 3342 771 3409 multitudine
787 3349 933 3408 ornatum
949 3344 1042 3423 estq.
1068 3340 1134 3406 Sed
1149 3341 1214 3406 alia
1230 3363 1355 3426 quoque
1367 3342 1436 3407 fora
1447 3342 1582 3408 Athenis

237 3471 339 3531 erant.
379 3465 452 3530 Non
474 3465 588 3547 loquar
610 3463 650 3529 de
672 3464 739 3529 illis
762 3464 839 3528 foris
863 3483 919 3528 scu
943 3462 1054 3546 cyclis,
1081 3483 1164 3545 quae
1186 3484 1207 3528 a
1229 3464 1325 3528 rebus
1347 3463 1393 3529 ibi
1411 3463 1582 3529 venalibus

236 3586 366 3652 nomina
394 3584 612 3670 accipiebant,
651 3584 741 3650 velut
769 3587 888 3670 χαλκᾶ,
928 3585 1106 3670 κεραμεῖαθ)
1140 3589 1197 3648 aut
1224 3581 1342 3670 χλωρὸς
1370 3580 1457 3671 τυρός
1467 3586 1506 3666 ⁴³),
1541 3584 1582 3651 de

235 3708 351 3792 quibus
372 3706 438 3771 iarn
461 3705 516 3770 diu
539 3704 774 3770 Wachsmuthii
796 3703 1050 3788 disquisitionem
1074 3712 1308 3791 exspectamus.
1357 3705 1446 3784 Quae
1476 3712 1581 3771 utrum
1674 3683 1677 3687 ⁴

234 3828 365 3910 antiquo
387 3848 430 3892 an
451 3826 627 3892 recentiore
649 3832 791 3910 tempore
814 3825 960 3892 instituta
983 3825 1056 3906 sint,
1083 3827 1171 3891 nullo
1194 3826 1288 3893 modo
1312 3826 1489 3892 diiudicare
1505 3848 1581 3911 pos-

236 3968 357 4014 sumus.
404 3946 563 4030 liquidem
594 3946 634 4011 de
664 3946 730 4011 illis
758 3953 881 4012 tantum
911 3947 987 4012 foris
1017 3948 1126 4020 verba,
1146 3948 1281 4032 faciam,
1315 3969 1398 4031 quae
1421 3949 1517 4014 certis
1540 3968 1580 4012 ex

234 4067 433 4154 argumentis
462 4068 552 4133 urbis
581 4075 727 4152 tempora
754 4068 965 4152 aequiparare
995 4076 1092 4152 atque
1121 4069 1217 4134 etiam
1248 4088 1400 4154 superare
1431 4068 1510 4133 mibi
1532 4069 1580 4134 vi-

234 4190 359 4256 dentur.
406 4189 497 4267 Quae
520 4208 591 4253 eum
615 4208 722 4253 eornm
746 4188 911 4254 demorum
935 4189 1004 4254 fora
1026 4189 1127 4254 fuisse
1150 4189 1296 4271 sentiam,
1323 4211 1340 4256 e
1364 4191 1480 4275 quibus
1503 4191 1580 4256 urbs

322 4379 337 4441 ¹]
360 4378 480 4432 Hermae
500 4378 525 4433 V
544 4396 571 4448 p.
587 4382 633 4431 331
651 4395 691 4449 sq.
715 4378 754 4432 Vl
773 4396 799 4447 p.
815 4381 862 4441 983
885 4376 922 4431 el.
942 4380 1062 4434 eundern
1082 4380 1174 4433 Mlltlr.
1195 4385 1243 4433 etc.
1265 4381 1306 4435 111
1325 4398 1352 4450 p.
1371 4385 1427 4436 111.

318 4465 337 4527 ²)
359 4463 479 4519 Hermae
498 4464 538 4520 vl
556 4482 583 4536 p.
601 4467 683 4535 ltlsq.
1031 4451 1032 4455 ἵ

317 4551 337 4613 ³5
359 4551 395 4605 de
414 4549 475 4605 loro
493 4549 677 4606 Athenarum.
704 4551 801 4605 'l‘urioi
824 4552 887 4602 1835
906 4569 933 4620 p.
953 4555 980 4602 ll
995 4568 1036 4621 sq.

318 4641 337 4701 ‘l
358 4639 499 4708 Philologi
518 4641 653 4710 supplem.
675 4641 717 4694 Ill
736 4657 764 4709 p.
778 4643 824 4692 331
842 4657 885 4711 sq.

318 4729 337 4792 5)
359 4745 386 4798 p.
407 4728 513 4797 tolsq.

316 4817 334 4877 il
358 4815 393 4868 de
413 4829 468 4884 quo
486 4815 553 4869 vide
572 4813 642 4869 Poll.
664 4815 714 4876 lx,
736 4818 777 4866 lb.

316 4903 335 4965 ⁷}
356 4900 542 4955 Wsehsmuth
560 4902 707 4972 pltldsq.
776 4973 778 4975 ι

316 4989 335 5049 ⁸1·
357 4985 542 5042 Waehsmuth
560 5005 588 5058 p.
606 4989 653 5039 183
672 5006 699 5042 n.
716 4990 737 5040 l.

316 5075 334 5136 ⁹)
358 5076 424 5148 Lys.
445 5075 486 5136 23,
509 5076 533 5138 7,
555 5075 580 5125 8.
617 5071 707 5129 Behlr.
730 5072 840 5130 Anecd.
861 5092 888 5148 p.
904 5077 946 5129 13.
