4118 6240
520 671 580 731 176
1079 668 1113 721 R.
1134 668 1301 724 SCHOELL

514 853 685 942 τριακάὸες.
733 856 875 922 Coufeni
900 857 1008 941 aliquo
1030 858 1125 923 modo
1147 866 1252 943 potest
1273 858 1359 942 quod
1375 858 1620 943 Philadelpbiae
1636 859 1776 940 collegia
1791 858 1862 942 opi-

516 969 628 1061 ticum,
655 978 743 1043 velut
766 985 907 1043 sutorum
930 986 962 1043 et
991 979 1184 1043 lanariorum
1208 980 1302 1065 φυλαί
1324 980 1528 1065 appellantur
1559 976 1587 1064 β,
1613 976 1779 1066 ἱερὰῖρυλλ
1805 985 1863 1043 τῶν

516 1098 679 1186 ἐριουργώθ
703 1098 738 1163 C.
757 1099 783 1162 I.
804 1098 844 1163 G.
864 1101 965 1177 3422;
999 1095 1018 1185 t,
1043 1097 1109 1187 ἱερὰ
1132 1097 1210 1186 φυλὴ
1242 1106 1300 1164 τῶν
1325 1102 1455 1165 σκυτέων
1480 1101 1524 1165 Le
1548 1101 1863 1184 Bas-Waddington

517 1219 595 1282 Acie
616 1219 690 1282 mio.
718 1241 749 1283 n.
772 1222 860 1303 656).

603 1461 663 1526 llis
686 1462 767 1527 ultro
791 1461 920 1527 devenit
941 1462 1115 1548 disputatio
1138 1463 1179 1528 ad
1202 1463 1290 1528 aliud
1313 1484 1417 1546 genus
1440 1463 1658 1547 collegiorum,
1684 1462 1867 1547 quodlicet

517 1582 639 1666 origine
663 1582 825 1647 diversum
849 1583 890 1647 sit
912 1583 954 1647 ab
978 1584 1026 1648 eis
1049 1583 1089 1649 de
1112 1584 1229 1667 quibus
1259 1585 1352 1651 modo
1382 1585 1532 1670 exposui,
1565 1604 1636 1649 cum
1666 1592 1699 1650 et
1727 1583 1868 1650 naturali

520 1703 688 1786 sauguinis
710 1723 794 1767 nexu
826 1703 894 1768 sive
923 1725 999 1769 vero
1027 1705 1095 1769 sive
1123 1705 1195 1770 ficto
1223 1713 1256 1771 ct
1278 1704 1430 1771 domicilii
1457 1705 1553 1769 ricini
1583 1705 1710 1770 vinculo
1741 1705 1868 1769 omnino

520 1824 720 1902 destituatur,
747 1831 853 1888 tanren
877 1844 1040 1889 sacrorum
1063 1826 1277 1891 communium
1300 1826 1537 1910 eorundemque
1564 1826 1758 1911 privatorum
1781 1826 1868 1890 cultu

520 1945 685 2029 exemplar
706 1945 860 2026 gentilicii
877 1945 1026 2010 consortii
1049 1945 1245 2028 formamque
1269 1947 1438 2031 expressit.
1486 1947 1588 2012 Probe
1603 1947 1686 2012 nosti
1707 1947 1782 2011 illas
1797 1967 1869 2029 my-

520 2073 640 2131 starum
662 2065 871 2129 tbiasotarum
894 2065 1154 2151 therapeutarum
1177 2067 1370 2150 reliquorum
1394 2065 1427 2131 id
1443 2087 1546 2150 genus
1562 2067 1761 2150 sodalitates,
1787 2087 1868 2149 qua-

521 2207 589 2251 rum
613 2186 779 2252 luxuriosa
801 2205 896 2269 seges
918 2186 994 2253 iude
1017 2187 1084 2253 fere
1107 2189 1149 2253 ab
1172 2189 1348 2254 Alexandri
1371 2195 1478 2254 aetate
1501 2187 1661 2272 pullulare
1686 2188 1791 2273 coepit
1808 2209 1868 2252 nec

522 2308 584 2372 nisi
607 2308 832 2392 imperatorum
856 2306 1101 2374 christianorum
1132 2309 1327 2394 temporibus
1357 2309 1497 2374 extincta
1525 2315 1585 2372 est.
1634 2311 1774 2388 Quorum
1804 2309 1870 2374 col-

521 2429 677 2512 legiorum
701 2434 733 2492 et
755 2428 936 2511 frequentia
959 2436 992 2525 et
1014 2450 1112 2514 opera
1127 2430 1274 2515 inprimis
1296 2429 1415 2493 fuctum
1440 2436 1499 2511 est,
1526 2437 1561 2494 ut
1575 2429 1729 2512 mysteria
1744 2428 1871 2493 novicia

522 2559 617 2633 atquc
640 2549 880 2633 peregrinorum
903 2550 1079 2632 numinum,
1105 2552 1298 2616 Asianorum
1316 2550 1515 2635 potissimum
1540 2560 1572 2614 et
1587 2550 1866 2634 Aegyptiacorum,

524 2691 617 2736 sacra
640 2669 852 2735 caerimoniae
875 2670 1017 2754 ritusque
1039 2691 1097 2754 per
1120 2681 1218 2737 totam
1242 2671 1412 2737 Graeciam
1436 2671 1538 2755 primo
1560 2671 1684 2736 occulte
1707 2677 1873 2754 serperent

523 2813 596 2858 mox
618 2791 775 2875 gliscente
805 2789 838 2854 in
861 2790 931 2856 dies
954 2790 1047 2856 foeda
1071 2793 1297 2877 superstitione
1321 2799 1353 2857 et
1375 2792 1499 2876 patriae
1524 2791 1688 2883 religionis
1715 2791 1797 2855 tristi
1821 2790 1870 2856 fa-

522 2913 619 2980 stidio
641 2912 748 2998 palam
771 2920 1036 2997 propagarentur.
1084 2914 1189 2996 Atque
1212 2913 1245 2977 in
1268 2912 1329 2978 bac
1352 2933 1476 2996 quoque
1506 2934 1541 2977 re
1570 2912 1741 2997 primariae
1764 2918 1882 2996 partes'

522 3035 651 3100 fuerunt
673 3033 868 3098 Graecorum
892 3032 1081 3097 Asianorum
1106 3041 1138 3098 et
1159 3033 1394 3114 insulanorum,
1421 3034 1474 3116 qui
1497 3033 1625 3117 quidem
1650 3033 1750 3098 sacris
1773 3031 1871 3115 orgiis

524 3155 665 3221 Orientis
695 3162 727 3219 et
756 3152 929 3239 hospitium
960 3153 1054 3238 primi
1085 3155 1244 3238 parabant
1271 3163 1303 3219 et
1325 3155 1409 3219 vium
1439 3154 1626 3219 muniebant
1653 3154 1687 3218 in
1710 3154 1871 3237 Europam

523 3275 806 3359 transmigraturis.
853 3274 926 3339 Non
948 3274 1063 3339 mirum
1086 3276 1184 3358 igitur
1206 3275 1291 3358 quod
1314 3275 1389 3339 illae
1413 3275 1561 3357 regiones
1577 3295 1655 3359 prae
1675 3275 1789 3339 ceteris
1804 3295 1874 3340 om-

523 3398 617 3462 nibus
651 3396 822 3479 generibus
859 3395 1063 3479 collegiorum
1100 3394 1328 3478 initiorumque
1359 3415 1518 3461 sacrorum
1550 3393 1801 3461 circumfluxisse
1833 3415 1873 3459 ex

524 3537 642 3602 magno
664 3536 796 3582 numero
817 3516 1058 3601 inscriptionum
1081 3515 1373 3601 deprehenduntur.
1808 3604 1815 3619 ⁸

612 3638 660 3704 De
690 3658 798 3703 eorum
829 3656 892 3701 uno
925 3657 1008 3703 nnnc
1038 3637 1204 3703 occasione
1233 3637 1309 3702 data
1338 3658 1444 3722 pauca
1472 3636 1643 3722 proferam.
1697 3633 1871 3700 Bubulci

531 3755 688 3849 (βουκόλοι)
717 3758 837 3824 Bacchi
861 3758 1083 3843 mysteriorum
1106 3759 1246 3824 cultores
1262 3759 1410 3842 Pergami
1434 3758 1642 3824 consistentes
1657 3775 1758 3839 nuper
1781 3755 1874 3824 irinc-

525 3889 655 3948 tueruut
676 3900 717 3945 ex
740 3880 831 3945 titulo
853 3879 887 3944 in
909 3879 1061 3945 honorem
1084 3878 1231 3962 magistri
1253 3900 1273 3944 a
1296 3879 1432 3961 collegio
1456 3878 1614 3960 dedicato,
1643 3895 1737 3958 quern
1761 3873 1873 3940 edide-

527 4009 600 4069 runt
616 4003 652 4069 C.
671 4001 800 4066 Curtius
829 4000 1006 4084 (inHerma
1021 4001 1127 4066 Berol.
1146 4001 1206 4065 VII
1222 4021 1254 4084 p.
1274 4003 1323 4086 39)
1353 4009 1385 4065 et
1411 3999 1590 4066 accuratius
1612 3996 1807 4080 exscriptum
1830 3993 1870 4058 G.

526 4122 665 4188 Earinus
694 4120 854 4206 (Μουσεῖον
870 4119 921 4186 καὶ
937 4118 1119 4210 βιβλιοθήκῃ
1135 4126 1187 4207 τῆς
1204 4116 1400 4207 εόοιγγελικῄς
1418 4125 1530 4208 σχολῆς
1546 4119 1577 4183 Il
1596 4119 1627 4183 ἐν
1644 4112 1766 4203 Σμόρνρ
1792 4116 1872 4179 1876

526 4263 558 4330 p.
579 4239 622 4327 A).
671 4242 741 4320 Quo
770 4243 861 4309 titulo
891 4243 1070 4310 continetur
1096 4243 1206 4308 'album
1236 4242 1363 4325 collegii
1392 4242 1494 4327 primo
1524 4242 1590 4307 fere
1618 4247 1691 4326 post
1712 4236 1874 4304 Christum

527 4366 656 4432 saeculo
671 4363 893 4430 tribuendum:
919 4382 974 4430 cos
990 4363 1073 4429 enim
1089 4363 1243 4448 temporis
1259 4362 1340 4429 fines
1363 4371 1398 4428 ut
1413 4370 1593 4429 statuamus
1616 4371 1648 4429 ct
1663 4363 1876 4427 Romanorum

527 4486 690 4552 nominum
713 4506 796 4570 quae
818 4484 901 4551 inter
922 4484 1038 4569 viginti
1060 4492 1210 4569 quattuor
1231 4484 1362 4550 nomina
1384 4504 1439 4550 sex
1457 4484 1657 4571 reperiuntur
1672 4482 1753 4548 ratio
1774 4479 1880 4546 innuit

528 4628 587 4674 nec
611 4605 800 4674 dissuadere
824 4606 949 4672 videtur
972 4605 1149 4690 scripturae
1172 4625 1287 4688 genus.
1324 4606 1488 4689 Leguntur
1510 4605 1608 4670 haec:

615 4726 652 4793 Oi
676 4724 816 4815 βουκόλοι
846 4727 1006 4813 ἐτείμησοιν
1027 4726 1032 4812 Ι
1053 4726 1181 4814 Σωτῆρα
1201 4722 1417 4814 Ἀρτεμιδώρου
1440 4721 1489 4790 τόν
1510 4725 1514 4811 Ι
1536 4719 1757 4810 ἇρχιβουκόλον
1781 4719 1879 4788 διὰτὸ

528 4845 659 4938 εὐσεβῶς
679 4850 684 4936 Ι
703 4848 753 4914 κοιλ
778 4845 866 4922 ἀξίως
888 4851 941 4913 τοῦ
964 4843 1171 4934 καθηγεμόνος
1191 4851 1196 4932 l
1216 4843 1361 4914 Διονύσου
1383 4844 1586 4934 προΐστασθαι
1602 4848 1660 4908 τῶν
1681 4844 1686 4932 l
1707 4844 1797 4910 θείων
1823 4869 1879 4928 μυ·

530 4972 671 5060 amplus.

615 5090 700 5161 Εἰσὶν
725 5091 757 5159 δὲ
781 5093 809 5157 οἱ
832 5087 992 5182 βουκόλοι·
1019 5090 1077 5174 lA.
1096 5086 1262 5176 Ἀλνεθνιος
1286 5087 1400 5165 Γάλλος
1428 5090 1624 5176 [Ααιβπθνιος
1647 5083 1762 5158 Γάλλος
1787 5081 1879 5150 Eari-
