4118 6240
715 617 766 673 nu
784 575 893 673 roms
911 614 1150 672 armannus
1227 687 1229 692 ἱ
1545 622 1603 683 165

254 809 343 895 plum
371 829 446 876 vero
476 807 559 892 quod
588 808 769 912 etiamnupo
798 813 886 873 extat
914 808 1033 873 Thesei
1063 829 1126 873 non
1156 806 1257 872 tuisse
1279 814 1421 890 constat,
1455 809 1602 875 Herculis

255 929 356 995 fuisse
377 930 544 1013 probabile
567 935 616 994 est
626 930 663 1012 ¹).-

342 1050 391 1116 De
414 1051 480 1115 loro
503 1049 659 1116 Ceramioi
683 1050 767 1115 demi
791 1050 898 1116 multis
921 1050 1026 1116 verbis
1049 1050 1215 1135 disputare
1237 1069 1301 1113 non
1324 1069 1403 1133 opus
1426 1056 1485 1115 est.
1533 1051 1601 1114 lam

255 1172 292 1236 Ε.
312 1170 441 1236 Curtius
466 1171 693 1252 (erlituternder
712 1172 789 1236 Text
812 1191 845 1255 p.
865 1175 914 1249 26}
943 1170 1024 1236 vidit
1046 1171 1200 1243 nonnulla
1222 1171 1363 1235 sacraria
1391 1171 1423 1234 in
1454 1171 1521 1234 loro
1545 1192 1603 1255 po-

256 1293 323 1376 puli
347 1291 590 1357 Atheniensium
620 1291 776 1357 collocata
805 1312 867 1356 non
891 1291 934 1356 acl
956 1297 1055 1357 totam
1078 1291 1217 1377 urbem,
1238 1290 1297 1356 sed
1320 1291 1538 1356 tantummodo
1560 1291 1602 1357 ad

258 1412 386 1477 demum
416 1413 616 1479 Ceramicurn
646 1412 850 1497 pertinuisse.
904 1413 978 1496 Ipse
1001 1420 1129 1497 praeter
1152 1412 1335 1478 Leocorium
1366 1413 1509 1478 nominat
1537 1415 1604 1478 An-

209 1576 213 1583 ·
258 1533 368 1617 drogei
391 1535 621 1619 sepulerum2),
648 1533 762 1617 quibus
785 1532 936 1598 addenda
958 1531 1107 1598 videntur·
1129 1554 1187 1598 ara
1205 1533 1508 1617 Eudanemorumll,
1535 1534 1604 1600 Me-

259 1662 371 1728 troum,
399 1655 509 1720 fanum
532 1655 676 1737 Aeaeis,
703 1654 840 1719 fortasse
863 1654 958 1719 etiam
982 1674 1040 1718 ara
1061 1653 1311 1720 Misericordiae.

347 1778 463 1843 Aream
488 1776 651 1861 publicam
668 1776 767 1841 fuisse
784 1775 870 1840 cirea
885 1775 995 1839 turrim
1012 1773 1184 1840 Andronici
1201 1774 1394 1861 Cyrrhestae
1417 1785 1449 1842 et
1471 1797 1605 1842 consen-

258 1906 387 1964 taneum
410 1908 474 1979 est,
501 1918 573 1963 cum
595 1896 630 1961 id
652 1895 833 1961 aediticium
857 1896 990 1961 liberum
1014 1897 1055 1961 ab
1078 1897 1224 1962 omuibus
1246 1897 1393 1982 partibus
1415 1898 1603 1983 adspectum

258 2020 413 2104 postulet,
450 2026 482 2085 et
514 2017 660 2101 vestigiis
691 2017 930 2101 comprobatur:
969 2016 1053 2082 uude
1083 2039 1105 2082 a
1134 2018 1243 2084 Curtio
1272 2017 1305 2083 in
1333 2018 1473 2084 tabulam
1502 2018 1603 2084 inlata

258 2143 353 2223 esta).
392 2141 441 2205 lbi
464 2140 644 2223 complures
666 2137 739 2202 viae
761 2138 1006 2203 conveniebant:
1034 2139 1170 2222 primum
1194 2159 1244 2220 ea,
1272 2160 1336 2222 qua
1358 2138 1539 2205 Pausanias
1562 2141 1603 2204 ab

260 2261 402 2327 Castoris
425 2267 457 2326 et
479 2258 618 2324 Pollucis
641 2259 715 2324 sano
738 2258 780 2323 ad
803 2259 997 2343 Prytaneum
1020 2259 1125 2343 pergit
1154 2262 1214 2341 (¹8,
1244 2264 1351 2345 1-3]‚
1382 2259 1499 2326 deinde
1521 2281 1604 2344 quae

256 2404 276 2447 a
299 2383 460 2465 Prytaneo
482 2380 525 2446 ad
546 2381 704 2447 theatrum
727 2380 815 2445 ducit
836 2379 964 2445 nomine
987 2378 1131 2466 Τρίποδες
1158 2387 1267 2446 notata
1291 2385 1407 2462 ((120,
1437 2385 1479 2465 1),
1510 2382 1605 2448 tertia

258 2525 322 2586 qua
344 2524 462 2588 pompa
484 2501 724 2567 Panathenaico
745 2522 766 2565 a
789 2501 946 2567 Ceramici
970 2501 1038 2565 foro
1060 2501 1227 2585 processit,-
1253 2509 1367 2585 quarta
1389 2524 1453 2586 qua
1475 2503 1517 2568 ab
1536 2505 1604 2569 An-

260 2624 382 2689 dronici
404 2623 481 2689 turri
505 2623 548 2688 ad
571 2622 726 2705 Diogenis
749 2618 954 2706 gymnasium
977 2621 1136 2707 pergitur,
1169 2621 1308 2706 denique
1331 2641 1371 2688 ea
1393 2643 1487 2707 qoam
1511 2644 1605 2690 secu-

258 2755 310 2812 tus
326 2745 506 2810 Pausanias
529 2765 550 2808 a
566 2744 725 2827 Prytaneo
747 2741 789 2807 ad
809 2741 974 2827 Serapidis
997 2743 1152 2827 templum
1175 2743 1207 2807 in
1231 2742 1381 2810 inferiore
1404 2744 1493 2810 urbis
1514 2753 1605 2830 parte

238 2862 355 2932 ¹situm
377 2864 523 2950 pervenit
551 2866 587 2945 (c.
612 2868 659 2943 18,
681 2867 790 2943 4-5l.
831 2862 1032 2928 Adiacebaut
1054 2863 1156 2928 forum
1180 2863 1333 2930 olearium
1358 2865 1531 2950 porticibus
1554 2888 1605 2932 or-

261 2995 385 3066 natum,
413 3005 547 3068 quarum
570 2983 707 3067 vestigia
729 2991 857 3063 extant,
886 2991 919 3050 et
940 2983 1043 3049 lorum
1067 2983 1241 3065 Hadriani,
1273 2985 1358 3069 quod
1380 2987 1606 3071 splendidissi-

260 3130 381 3174 marum
405 3106 593 3192 porticuum,
619 3105 828 3189 templorum,
858 3103 1074 3170 bibliothecae
1098 3106 1332 3172 constructione
1355 3108 1516 3196 Caesarea
1538 3108 1607 3174 lora

260 3232 404 3295 Romana
431 3226 578 3309 quamvis
608 3226 731 3290 minuta
763 3246 914 3291 mensura
943 3226 1138 3291 imitabatur.
1192 3227 1256 3292 Sed
1283 3226 1364 3293 haee
1393 3227 1436 3293 ad
1465 3237 1606 3296 nostram

259 3350 477 3434 quaestionem
500 3369 564 3413 non
586 3346 762 3432 pertinent,
798 3346 875 3429 quia
896 3346 971 3413 inde
994 3348 1122 3432 probari
1152 3348 1262 3432 nequit
1293 3348 1398 3414 demi
1427 3349 1531 3416 iorum
1560 3353 1605 3419 ihi

263 3470 419 3537 extitisse.
456 3471 561 3552 Atque
583 3467 733 3551 quoniam
749 3469 952 3553 Prytaneum,
980 3469 1135 3534 Basiliam
1158 3476 1190 3534 et
1205 3468 1483 3537 Thesmothesium
1506 3494 1606 3559 prope

263 3593 346 3657 hauc
368 3612 476 3657 aream
500 3590 562 3656 sita
585 3610 647 3654 nou
670 3588 712 3653 ad
735 3609 832 3653 unum
855 3589 995 3671 aliquem
1019 3589 1159 3672 deinum,
1186 3590 1243 3656 sed
1266 3590 1308 3655 ad
1331 3599 1430 3657 totum
1453 3595 1605 3677 populum

262 3713 480 3800 pertinebant,
513 3711 577 3776 iam
600 3708 732 3775 difficile
755 3717 804 3775 est
826 3709 1021 3791 diiudicare,
1047 3731 1131 3793 quae
1153 3711 1234 3776 ratio
1257 3691 1352 3777 fuerit
1374 3713 1514 3794 Bucolii,
1542 3715 1607 3780 Bu-

263 3834 349 3919 uygii
372 3841 404 3899 et
425 3833 496 3917 agri
518 3832 615 3898 famis
640 3835 737 3916 (λιμοῦ
759 3833 887 3911 πεδίον),
913 3851 995 3914 quae
1018 3851 1089 3896 cum
1112 3832 1177 3897 illis
1200 3838 1268 3898 arto
1290 3832 1418 3898 vinculo
1440 3835 1608 3902 coniuncta

262 3956 400 4037 erantll.
447 3955 556 4039 Ipsum
585 3973 700 4018 nomen
727 3951 812 4017 demi
824 3936 837 4035 ,⁸
863 3952 917 4034 qui
944 3951 1028 4018 banc
1051 3952 1139 4018 urbis
1162 3961 1285 4037 partem
1308 3954 1461 4037 obtinuit,
1494 3955 1607 4023 admo-
1671 4015 1675 4030 ,

261 4077 337 4144 dum
352 4076 484 4142 dubium
500 4081 559 4141 est.
592 4072 780 4139 Plutarchus
790 4077 810 4155 ⁷)
831 4074 992 4157 Collytum
1008 4072 1237 4140 Atheniensem
1254 4095 1324 4139 curn
1340 4075 1455 4141 Pitana
1471 4077 1606 4162 Spartae

350 4320 365 4380 ¹)
389 4316 573 4370 Wachsmuth
591 4333 619 4385 p.
634 4319 684 4367 365
703 4317 807 4370 collato
825 4315 913 4369 schol.
934 4316 970 4370 ad
989 4312 1078 4370 Arist.
1099 4316 1170 4370 Rau.
1189 4319 1248 4381 561,
1274 4317 1344 4372 Pars
1362 4324 1454 4372 autem
1473 4320 1534 4374 eius
1552 4319 1607 4376 fori

262 4406 349 4477 χαλκᾶ
367 4402 570 4473 appellabatur.

347 4491 366 4553 ²}
388 4489 464 4560 quod
482 4488 679 4543 Boetticherus
692 4487 794 4541 Philol.
810 4488 901 4559 suppl.
916 4487 958 4541 Ill
970 4507 998 4558 p.
1013 4490 1063 4539 369
1081 4504 1117 4542 er
1129 4489 1252 4560 Hesyoh.
1267 4506 1289 4544 s.
1303 4507 1329 4543 r.
1345 4486 1388 4543 ἐπ’
1402 4487 1519 4564 Etpupip
1539 4495 1607 4565 ἀγών

262 4578 366 4632 elicuit.
405 4576 448 4629 De
460 4576 598 4629 Leocorio
615 4575 737 4628 mutavit
749 4576 917 4630 seutentiam
930 4575 1045 4630 Curtius
1060 4575 1221 4629 Monatsber.
1235 4576 1263 4630 d.
1278 4577 1367 4629 Akod.
1385 4579 1459 4643 teto,
1474 4595 1501 4647 p,
1517 4581 1548 4628 77
1562 4597 1604 4650 sq.

348 4663 367 4727 ³)
389 4662 546 4717 Arrhianus
564 4660 728 4726 Anablll,
752 4663 791 4726 16,
813 4664 839 4713 6.

348 4750 367 4813 41
390 4748 495 4802 llerod.
516 4748 551 4809 V,
573 4750 614 4799 89.
652 4748 774 4819 Hosyoh.
796 4766 818 4803 s.
840 4767 866 4803 v.
889 4745 1019 4802 Areatas.

348 4836 366 4898 5)
388 4834 514 4889 Tametsi
533 4849 621 4904 rusque
639 4834 676 4888 ad
696 4833 863 4904 Prytaneum
882 4834 1051 4904 pertinuisse
1070 4833 1192 4887 videtur.

348 4922 368 4986 θ)
389 4921 455 4976 vide
477 4937 549 4990 quac
571 4921 608 4975 do
630 4920 674 4975 his
699 4920 837 4976 aedificiis
860 4938 894 4975 ac
917 4919 1049 4975 sacrariis
1073 4921 1231 4988 disputavit
1256 4921 1467 4978 Boettioherum
1492 4933 1608 4981 securtus

263 5007 449 5064 Wachsmuth
467 5024 494 5076 p.
510 5009 718 5059 2223112167.

348 5097 368 5157 ⁷)
389 5095 425 5148 de
443 5094 529 5148 exilio
549 5096 578 5158 6;
600 5091 637 5146 cl.
658 5091 842 5148 Wachsmuth
862 5110 888 5162 p.
904 5095 964 5145 353.
